<?xml version="1.0" encoding="UTF-8"?>
<!DOCTYPE html PUBLIC "-//W3C//DTD XHTML 1.0 Transitional//EN"
    "http://www.w3.org/TR/xhtml1/DTD/xhtml1-transitional.dtd">
<html xmlns="http://www.w3.org/1999/xhtml" xml:lang="en" lang="en">
 <head>
  <title>
</title>
<meta http-equiv="Content-Type" content="text/html;charset=utf-8" />
  <meta name='ocr-system' content='tesseract 3.04.00' />
  <meta name='ocr-capabilities' content='ocr_page ocr_carea ocr_par ocr_line ocrx_word'/>
</head>
<body>
  <div class='ocr_page' id='page_1' title='image "./deamicoruminovi02loregoog_0044.png"; bbox 0 0 3123 4869; ppageno 0'>
   <div class='ocr_carea' id='block_1_1' title="bbox 1426 244 1865 304">
    <p class='ocr_par' dir='ltr' id='par_1_1' title="bbox 1426 244 1865 304">
     <span class='ocr_line' id='line_1_1' title="bbox 1426 244 1865 304; baseline -0.005 -16"><span class='ocrx_word' id='word_1_1' title='bbox 1426 244 1865 304; x_wconf 60' lang='lat'>-34-</span> 
     </span>
    </p>
   </div>
   <div class='ocr_carea' id='block_1_2' title="bbox 464 435 2824 4153">
    <p class='ocr_par' dir='ltr' id='par_1_2' title="bbox 471 435 2820 607">
     <span class='ocr_line' id='line_1_2' title="bbox 471 435 2820 519; baseline -0.001 -20"><span class='ocrx_word' id='word_1_2' title='bbox 471 437 746 500; x_wconf 88' lang='lat' dir='ltr'>Achillis</span> <span class='ocrx_word' id='word_1_3' title='bbox 792 437 1362 499; x_wconf 86' lang='lat' dir='ltr'>familiarissimum</span> <span class='ocrx_word' id='word_1_4' title='bbox 1420 437 1622 500; x_wconf 89' lang='lat' dir='ltr'>fuisse</span> <span class='ocrx_word' id='word_1_5' title='bbox 1688 455 1769 498; x_wconf 81' lang='lat' dir='ltr'>ex</span> <span class='ocrx_word' id='word_1_6' title='bbox 1816 435 2080 498; x_wconf 87' lang='lat' dir='ltr'>Homeri</span> <span class='ocrx_word' id='word_1_7' title='bbox 2151 435 2544 498; x_wconf 85' lang='lat' dir='ltr'>carminibus</span> <span class='ocrx_word' id='word_1_8' title='bbox 2571 436 2616 517; x_wconf 91' lang='lat' dir='ltr'>l)</span> <span class='ocrx_word' id='word_1_9' title='bbox 2674 456 2820 519; x_wconf 86' lang='lat' dir='ltr'>cog-</span> 
     </span>
     <span class='ocr_line' id='line_1_3' title="bbox 471 545 862 607; baseline 0 -2"><span class='ocrx_word' id='word_1_10' title='bbox 471 545 650 607; x_wconf 80' lang='lat' dir='ltr'>nosci</span> <span class='ocrx_word' id='word_1_11' title='bbox 698 545 862 606; x_wconf 92' lang='lat' dir='ltr'>licet.</span> 
     </span>
    </p>

    <p class='ocr_par' dir='ltr' id='par_1_3' title="bbox 472 649 2819 841">
     <span class='ocr_line' id='line_1_4' title="bbox 649 649 2819 732; baseline -0 -19"><span class='ocrx_word' id='word_1_12' title='bbox 649 650 877 732; x_wconf 88' lang='lat' dir='ltr'>Neque</span> <span class='ocrx_word' id='word_1_13' title='bbox 931 652 1191 713; x_wconf 82' lang='lat' dir='ltr'>maioris</span> <span class='ocrx_word' id='word_1_14' title='bbox 1252 652 1561 713; x_wconf 84' lang='lat' dir='ltr'>momenti</span> <span class='ocrx_word' id='word_1_15' title='bbox 1610 657 1704 714; x_wconf 86' lang='lat' dir='ltr'>est</span> <span class='ocrx_word' id='word_1_16' title='bbox 1751 652 2014 713; x_wconf 82' lang='lat' dir='ltr'>tertium</span> <span class='ocrx_word' id='word_1_17' title='bbox 2069 649 2300 712; x_wconf 82' lang='lat' dir='ltr'>Kochii</span> <span class='ocrx_word' id='word_1_18' title='bbox 2350 656 2819 732; x_wconf 76' lang='lat' dir='ltr'>argumentum,</span> 
     </span>
     <span class='ocr_line' id='line_1_5' title="bbox 472 757 1534 841; baseline -0.002 -20"><span class='ocrx_word' id='word_1_19' title='bbox 472 758 643 841; x_wconf 90' lang='lat' dir='ltr'>quod</span> <span class='ocrx_word' id='word_1_20' title='bbox 689 758 869 820; x_wconf 82' lang='lat' dir='ltr'>Trist.</span> <span class='ocrx_word' id='word_1_21' title='bbox 920 757 998 838; x_wconf 87' lang='lat' dir='ltr'>V,</span> <span class='ocrx_word' id='word_1_22' title='bbox 1046 760 1086 819; x_wconf 90' lang='grc'>4</span> <span class='ocrx_word' id='word_1_23' title='bbox 1134 779 1190 821; x_wconf 74' lang='lat' dir='ltr'>v.</span> <span class='ocrx_word' id='word_1_24' title='bbox 1241 761 1326 819; x_wconf 78' lang='lat'>35</span> <span class='ocrx_word' id='word_1_25' title='bbox 1373 777 1534 839; x_wconf 90' lang='lat' dir='ltr'>seq.:</span> 
     </span>
    </p>

    <p class='ocr_par' dir='ltr' id='par_1_4' title="bbox 464 864 2824 3514">
     <span class='ocr_line' id='line_1_6' title="bbox 700 864 2559 947; baseline 0.003 -26"><span class='ocrx_word' id='word_1_26' title='bbox 700 900 704 904; x_wconf 21' lang='grc' dir='ltr'><strong>Δ</strong></span> <span class='ocrx_word' id='word_1_27' title='bbox 789 864 900 927; x_wconf 84' lang='lat' dir='ltr'>»Te</span> <span class='ocrx_word' id='word_1_28' title='bbox 948 864 1071 926; x_wconf 89' lang='lat' dir='ltr'>sibi</span> <span class='ocrx_word' id='word_1_29' title='bbox 1119 884 1266 926; x_wconf 91' lang='lat' dir='ltr'>cum</span> <span class='ocrx_word' id='word_1_30' title='bbox 1315 866 1537 947; x_wconf 87' lang='lat' dir='ltr'>paucis</span> <span class='ocrx_word' id='word_1_31' title='bbox 1585 865 1879 927; x_wconf 87' lang='lat' dir='ltr'>meminit</span> <span class='ocrx_word' id='word_1_32' title='bbox 1926 866 2239 926; x_wconf 84' lang='lat' dir='ltr'>mansisse</span> <span class='ocrx_word' id='word_1_33' title='bbox 2285 864 2559 944; x_wconf 87' lang='lat' dir='ltr'>fidelem,</span> 
     </span>
     <span class='ocr_line' id='line_1_7' title="bbox 789 971 2238 1053; baseline -0.004 -20"><span class='ocrx_word' id='word_1_34' title='bbox 789 971 855 1034; x_wconf 81' lang='lat' dir='ltr'>Si</span> <span class='ocrx_word' id='word_1_35' title='bbox 903 991 1142 1053; x_wconf 86' lang='lat' dir='ltr'>paucos</span> <span class='ocrx_word' id='word_1_36' title='bbox 1191 972 1426 1053; x_wconf 84' lang='lat' dir='ltr'>aliquis</span> <span class='ocrx_word' id='word_1_37' title='bbox 1474 978 1685 1034; x_wconf 79' lang='lat' dir='ltr'>tresve</span> <span class='ocrx_word' id='word_1_38' title='bbox 1735 972 1979 1033; x_wconf 78' lang='lat' dir='ltr'>duosve</span> <span class='ocrx_word' id='word_1_39' title='bbox 2023 977 2238 1033; x_wconf 75' lang='lat' dir='ltr'>vocat«</span> 
     </span>
     <span class='ocr_line' id='line_1_8' title="bbox 469 1078 2405 1160; baseline -0.001 -20"><span class='ocrx_word' id='word_1_40' title='bbox 469 1079 643 1142; x_wconf 84' lang='lat' dir='ltr'>haud</span> <span class='ocrx_word' id='word_1_41' title='bbox 692 1079 1034 1141; x_wconf 81' lang='lat' dir='ltr'>dissimiles</span> <span class='ocrx_word' id='word_1_42' title='bbox 1083 1081 1209 1141; x_wconf 92' lang='lat' dir='ltr'>sint</span> <span class='ocrx_word' id='word_1_43' title='bbox 1259 1098 1353 1160; x_wconf 91' lang='lat' dir='ltr'>ep.</span> <span class='ocrx_word' id='word_1_44' title='bbox 1403 1098 1485 1141; x_wconf 75' lang='lat' dir='ltr'>ex</span> <span class='ocrx_word' id='word_1_45' title='bbox 1532 1078 1738 1141; x_wconf 89' lang='lat' dir='ltr'>Ponto</span> <span class='ocrx_word' id='word_1_46' title='bbox 1787 1079 1870 1159; x_wconf 87' lang='lat' dir='ltr'>II,</span> <span class='ocrx_word' id='word_1_47' title='bbox 1922 1083 1956 1140; x_wconf 82' lang='lat'>7</span> <span class='ocrx_word' id='word_1_48' title='bbox 2007 1100 2065 1147; x_wconf 75' lang='lat' dir='ltr'>v,</span> <span class='ocrx_word' id='word_1_49' title='bbox 2114 1081 2192 1140; x_wconf 81' lang='lat'>81</span> <span class='ocrx_word' id='word_1_50' title='bbox 2247 1098 2405 1160; x_wconf 73' lang='lat' dir='ltr'>seq:</span> 
     </span>
     <span class='ocr_line' id='line_1_9' title="bbox 876 1185 2425 1268; baseline 0.003 -26"><span class='ocrx_word' id='word_1_51' title='bbox 876 1185 1039 1248; x_wconf 83' lang='lat' dir='ltr'>»Nec</span> <span class='ocrx_word' id='word_1_52' title='bbox 1086 1205 1199 1248; x_wconf 79' lang='lat' dir='ltr'>vos</span> <span class='ocrx_word' id='word_1_53' title='bbox 1246 1206 1441 1268; x_wconf 82' lang='lat' dir='ltr'>parva</span> <span class='ocrx_word' id='word_1_54' title='bbox 1492 1186 1656 1249; x_wconf 86' lang='lat' dir='ltr'>datis</span> <span class='ocrx_word' id='word_1_55' title='bbox 1702 1187 1893 1268; x_wconf 87' lang='lat' dir='ltr'>pauci</span> <span class='ocrx_word' id='word_1_56' title='bbox 1940 1186 2175 1248; x_wconf 84' lang='lat' dir='ltr'>solacia</span> <span class='ocrx_word' id='word_1_57' title='bbox 2222 1185 2425 1266; x_wconf 84' lang='lat' dir='ltr'>nobis,</span> 
     </span>
     <span class='ocr_line' id='line_1_10' title="bbox 878 1291 2514 1375; baseline -0.004 -21"><span class='ocrx_word' id='word_1_58' title='bbox 878 1291 1168 1367; x_wconf 81' lang='lat' dir='ltr'>Quorum</span> <span class='ocrx_word' id='word_1_59' title='bbox 1215 1300 1495 1375; x_wconf 84' lang='lat' dir='ltr'>spectata</span> <span class='ocrx_word' id='word_1_60' title='bbox 1545 1300 1638 1355; x_wconf 90' lang='lat' dir='ltr'>est</span> <span class='ocrx_word' id='word_1_61' title='bbox 1665 1303 1802 1375; x_wconf 73' lang='lat' dir='ltr'>&#39;per</span> <span class='ocrx_word' id='word_1_62' title='bbox 1845 1293 2012 1355; x_wconf 87' lang='lat' dir='ltr'>mala</span> <span class='ocrx_word' id='word_1_63' title='bbox 2062 1299 2281 1356; x_wconf 86' lang='lat' dir='ltr'>nostra</span> <span class='ocrx_word' id='word_1_64' title='bbox 2325 1292 2514 1356; x_wconf 87' lang='lat' dir='ltr'>fides«</span> 
     </span>
     <span class='ocr_line' id='line_1_11' title="bbox 468 1399 2823 1482; baseline -0.001 -19"><span class='ocrx_word' id='word_1_65' title='bbox 468 1400 748 1463; x_wconf 88' lang='lat' dir='ltr'>eundem</span> <span class='ocrx_word' id='word_1_66' title='bbox 811 1401 1025 1461; x_wconf 82' lang='lat' dir='ltr'>virum</span> <span class='ocrx_word' id='word_1_67' title='bbox 1090 1400 1599 1482; x_wconf 90' lang='lat' dir='ltr'>intellegendum</span> <span class='ocrx_word' id='word_1_68' title='bbox 1666 1420 1819 1463; x_wconf 89' lang='lat' dir='ltr'>esse.</span> <span class='ocrx_word' id='word_1_69' title='bbox 1912 1399 2100 1462; x_wconf 86' lang='lat' dir='ltr'>Hanc</span> <span class='ocrx_word' id='word_1_70' title='bbox 2159 1406 2373 1462; x_wconf 86' lang='lat' dir='ltr'>autem</span> <span class='ocrx_word' id='word_1_71' title='bbox 2435 1401 2823 1464; x_wconf 80' lang='lat' dir='ltr'>sententiam</span> 
     </span>
     <span class='ocr_line' id='line_1_12' title="bbox 467 1506 2822 1590; baseline 0 -22"><span class='ocrx_word' id='word_1_72' title='bbox 467 1526 599 1568; x_wconf 91' lang='lat' dir='ltr'>non</span> <span class='ocrx_word' id='word_1_73' title='bbox 665 1507 875 1568; x_wconf 91' lang='lat' dir='ltr'>solum</span> <span class='ocrx_word' id='word_1_74' title='bbox 930 1508 998 1567; x_wconf 92' lang='lat' dir='ltr'>in</span> <span class='ocrx_word' id='word_1_75' title='bbox 1055 1506 1359 1568; x_wconf 85' lang='lat' dir='ltr'>Tristium</span> <span class='ocrx_word' id='word_1_76' title='bbox 1422 1506 1604 1569; x_wconf 88' lang='lat' dir='ltr'>libris</span> <span class='ocrx_word' id='word_1_77' title='bbox 1661 1509 1915 1588; x_wconf 86' lang='lat' dir='ltr'>saepius</span> <span class='ocrx_word' id='word_1_78' title='bbox 1977 1508 2253 1590; x_wconf 89' lang='lat' dir='ltr'>legimus</span> <span class='ocrx_word' id='word_1_79' title='bbox 2313 1507 2492 1570; x_wconf 85' lang='lat' dir='ltr'>velut</span> <span class='ocrx_word' id='word_1_80' title='bbox 2537 1506 2721 1569; x_wconf 82' lang='lat' dir='ltr'>Trist.</span> <span class='ocrx_word' id='word_1_81' title='bbox 2771 1507 2822 1587; x_wconf 93' lang='lat' dir='ltr'>I,</span> 
     </span>
     <span class='ocr_line' id='line_1_13' title="bbox 469 1613 2823 1696; baseline -0.001 -20"><span class='ocrx_word' id='word_1_82' title='bbox 469 1615 528 1692; x_wconf 86' lang='lat'>3,</span> <span class='ocrx_word' id='word_1_83' title='bbox 581 1616 661 1674; x_wconf 74' lang='lat'>15</span> <span class='ocrx_word' id='word_1_84' title='bbox 716 1633 845 1695; x_wconf 91' lang='lat' dir='ltr'>seq.</span> <span class='ocrx_word' id='word_1_85' title='bbox 895 1619 957 1675; x_wconf 92' lang='lat' dir='ltr'>et</span> <span class='ocrx_word' id='word_1_86' title='bbox 1001 1613 1120 1693; x_wconf 90' lang='lat' dir='ltr'>III,</span> <span class='ocrx_word' id='word_1_87' title='bbox 1169 1616 1228 1692; x_wconf 77' lang='lat'>5,</span> <span class='ocrx_word' id='word_1_88' title='bbox 1277 1615 1315 1676; x_wconf 84' lang='lat'>9</span> <span class='ocrx_word' id='word_1_89' title='bbox 1365 1633 1493 1695; x_wconf 90' lang='lat' dir='ltr'>seq.</span> <span class='ocrx_word' id='word_1_90' title='bbox 1542 1613 1656 1676; x_wconf 90' lang='lat' dir='ltr'>sed</span> <span class='ocrx_word' id='word_1_91' title='bbox 1705 1615 1897 1676; x_wconf 87' lang='lat' dir='ltr'>etiam</span> <span class='ocrx_word' id='word_1_92' title='bbox 1943 1616 2011 1676; x_wconf 88' lang='lat' dir='ltr'>in</span> <span class='ocrx_word' id='word_1_93' title='bbox 2062 1614 2311 1696; x_wconf 90' lang='lat' dir='ltr'>epistul.</span> <span class='ocrx_word' id='word_1_94' title='bbox 2362 1633 2446 1675; x_wconf 78' lang='lat' dir='ltr'>ex</span> <span class='ocrx_word' id='word_1_95' title='bbox 2478 1613 2685 1675; x_wconf 89' lang='lat' dir='ltr'>Ponto</span> <span class='ocrx_word' id='word_1_96' title='bbox 2736 1613 2823 1694; x_wconf 86' lang='lat'>11,</span> 
     </span>
     <span class='ocr_line' id='line_1_14' title="bbox 467 1720 2824 1802; baseline 0 -20"><span class='ocrx_word' id='word_1_97' title='bbox 467 1722 526 1799; x_wconf 87' lang='lat'>3,</span> <span class='ocrx_word' id='word_1_98' title='bbox 564 1741 622 1781; x_wconf 76' lang='lat' dir='ltr'>v.</span> <span class='ocrx_word' id='word_1_99' title='bbox 666 1722 749 1784; x_wconf 84' lang='lat'>29</span> <span class='ocrx_word' id='word_1_100' title='bbox 790 1739 917 1802; x_wconf 89' lang='lat' dir='ltr'>seq.</span> <span class='ocrx_word' id='word_1_101' title='bbox 959 1721 1239 1802; x_wconf 80' lang='lat' dir='ltr'>exempli</span> <span class='ocrx_word' id='word_1_102' title='bbox 1288 1740 1482 1782; x_wconf 81' lang='lat' dir='ltr'>causa.</span> <span class='ocrx_word' id='word_1_103' title='bbox 1527 1721 1702 1783; x_wconf 90' lang='lat' dir='ltr'>idem</span> <span class='ocrx_word' id='word_1_104' title='bbox 1751 1721 1829 1783; x_wconf 91' lang='lat' dir='ltr'>de</span> <span class='ocrx_word' id='word_1_105' title='bbox 1878 1720 2058 1783; x_wconf 86' lang='lat' dir='ltr'>Cotta</span> <span class='ocrx_word' id='word_1_106' title='bbox 2106 1720 2452 1783; x_wconf 86' lang='lat' dir='ltr'>Messalino</span> <span class='ocrx_word' id='word_1_107' title='bbox 2500 1720 2824 1801; x_wconf 83' lang='lat' dir='ltr'>laudatur,</span> 
     </span>
     <span class='ocr_line' id='line_1_15' title="bbox 467 1826 2822 1909; baseline 0 -20"><span class='ocrx_word' id='word_1_108' title='bbox 467 1832 538 1889; x_wconf 89' lang='lat' dir='ltr'>ut</span> <span class='ocrx_word' id='word_1_109' title='bbox 569 1847 650 1889; x_wconf 79' lang='lat' dir='ltr'>ex</span> <span class='ocrx_word' id='word_1_110' title='bbox 687 1827 948 1889; x_wconf 88' lang='lat' dir='ltr'>illorum</span> <span class='ocrx_word' id='word_1_111' title='bbox 976 1826 1263 1889; x_wconf 89' lang='lat' dir='ltr'>locorum</span> <span class='ocrx_word' id='word_1_112' title='bbox 1295 1827 1718 1889; x_wconf 86' lang='lat' dir='ltr'>similitudine</span> <span class='ocrx_word' id='word_1_113' title='bbox 1747 1828 1911 1889; x_wconf 90' lang='lat' dir='ltr'>nihil</span> <span class='ocrx_word' id='word_1_114' title='bbox 1944 1827 2244 1889; x_wconf 83' lang='lat' dir='ltr'>concludi</span> <span class='ocrx_word' id='word_1_115' title='bbox 2283 1846 2469 1909; x_wconf 89' lang='lat' dir='ltr'>posse</span> <span class='ocrx_word' id='word_1_116' title='bbox 2500 1834 2822 1909; x_wconf 86' lang='lat' dir='ltr'>appareat.</span> 
     </span>
     <span class='ocr_line' id='line_1_16' title="bbox 643 1933 2706 2016; baseline -0.001 -20"><span class='ocrx_word' id='word_1_117' title='bbox 643 1933 770 1996; x_wconf 82' lang='lat' dir='ltr'>Sed</span> <span class='ocrx_word' id='word_1_118' title='bbox 819 1934 1037 1995; x_wconf 88' lang='lat' dir='ltr'>nescio</span> <span class='ocrx_word' id='word_1_119' title='bbox 1086 1953 1170 1995; x_wconf 89' lang='lat' dir='ltr'>an</span> <span class='ocrx_word' id='word_1_120' title='bbox 1216 1939 1471 1996; x_wconf 85' lang='lat' dir='ltr'>nostrae</span> <span class='ocrx_word' id='word_1_121' title='bbox 1521 1934 1764 2016; x_wconf 80' lang='lat' dir='ltr'>elegiae</span> <span class='ocrx_word' id='word_1_122' title='bbox 1813 1953 2010 1997; x_wconf 91' lang='lat' dir='ltr'>sonus</span> <span class='ocrx_word' id='word_1_123' title='bbox 2056 1934 2401 2016; x_wconf 86' lang='lat' dir='ltr'>ultimique</span> <span class='ocrx_word' id='word_1_124' title='bbox 2446 1953 2706 1996; x_wconf 82' lang='lat' dir='ltr'>versus:</span> 
     </span>
     <span class='ocr_line' id='line_1_17' title="bbox 713 2039 2620 2123; baseline 0.003 -25"><span class='ocrx_word' id='word_1_125' title='bbox 713 2039 867 2102; x_wconf 84' lang='lat' dir='ltr'>»Fac</span> <span class='ocrx_word' id='word_1_126' title='bbox 912 2040 1122 2121; x_wconf 85' lang='lat' dir='ltr'>modO,</span> <span class='ocrx_word' id='word_1_127' title='bbox 1170 2045 1535 2103; x_wconf 80' lang='lat' dir='ltr'>constanter</span> <span class='ocrx_word' id='word_1_128' title='bbox 1580 2041 1925 2123; x_wconf 86' lang='lat' dir='ltr'>profugum</span> <span class='ocrx_word' id='word_1_129' title='bbox 1971 2047 2221 2104; x_wconf 85' lang='lat' dir='ltr'>tueare:</span> <span class='ocrx_word' id='word_1_130' title='bbox 2274 2041 2448 2122; x_wconf 89' lang='lat' dir='ltr'>quod</span> <span class='ocrx_word' id='word_1_131' title='bbox 2493 2040 2620 2121; x_wconf 89' lang='lat' dir='ltr'>ille,</span> 
     </span>
     <span class='ocr_line' id='line_1_18' title="bbox 718 2145 2262 2230; baseline 0.002 -23"><span class='ocrx_word' id='word_1_132' title='bbox 718 2145 843 2221; x_wconf 80' lang='lat' dir='ltr'>Qui</span> <span class='ocrx_word' id='word_1_133' title='bbox 892 2146 1054 2210; x_wconf 91' lang='lat' dir='ltr'>bene</span> <span class='ocrx_word' id='word_1_134' title='bbox 1101 2152 1164 2209; x_wconf 82' lang='lat' dir='ltr'>te</span> <span class='ocrx_word' id='word_1_135' title='bbox 1210 2149 1407 2227; x_wconf 81' lang='lat' dir='ltr'>novit,</span> <span class='ocrx_word' id='word_1_136' title='bbox 1454 2167 1586 2209; x_wconf 88' lang='lat' dir='ltr'>non</span> <span class='ocrx_word' id='word_1_137' title='bbox 1633 2154 1831 2230; x_wconf 86' lang='lat' dir='ltr'>rogat,</span> <span class='ocrx_word' id='word_1_138' title='bbox 1877 2149 2017 2230; x_wconf 86' lang='lat' dir='ltr'>ipsa</span> <span class='ocrx_word' id='word_1_139' title='bbox 2063 2167 2262 2230; x_wconf 89' lang='lat' dir='ltr'>rogo«,</span> 
     </span>
     <span class='ocr_line' id='line_1_19' title="bbox 464 2253 2824 2338; baseline 0 -22"><span class='ocrx_word' id='word_1_140' title='bbox 464 2255 698 2316; x_wconf 89' lang='lat' dir='ltr'>melius</span> <span class='ocrx_word' id='word_1_141' title='bbox 745 2253 932 2316; x_wconf 90' lang='lat' dir='ltr'>nobis</span> <span class='ocrx_word' id='word_1_142' title='bbox 982 2254 1419 2317; x_wconf 88' lang='lat' dir='ltr'>demonstrent</span> <span class='ocrx_word' id='word_1_143' title='bbox 1465 2255 1585 2316; x_wconf 85' lang='lat' dir='ltr'>hoc</span> <span class='ocrx_word' id='word_1_144' title='bbox 1635 2257 1703 2315; x_wconf 90' lang='lat' dir='ltr'>in</span> <span class='ocrx_word' id='word_1_145' title='bbox 1742 2256 2025 2317; x_wconf 85' lang='lat' dir='ltr'>carmine</span> <span class='ocrx_word' id='word_1_146' title='bbox 2076 2255 2153 2317; x_wconf 92' lang='lat' dir='ltr'>de</span> <span class='ocrx_word' id='word_1_147' title='bbox 2189 2255 2407 2316; x_wconf 84' lang='lat' dir='ltr'>Attico</span> <span class='ocrx_word' id='word_1_148' title='bbox 2457 2274 2596 2316; x_wconf 89' lang='lat' dir='ltr'>esse</span> <span class='ocrx_word' id='word_1_149' title='bbox 2645 2257 2824 2338; x_wconf 85' lang='lat' dir='ltr'>cogi-</span> 
     </span>
     <span class='ocr_line' id='line_1_20' title="bbox 465 2361 752 2423; baseline -0.003 0"><span class='ocrx_word' id='word_1_150' title='bbox 465 2361 752 2423; x_wconf 85' lang='lat' dir='ltr'>tandum.</span> 
     </span>
     <span class='ocr_line' id='line_1_21' title="bbox 643 2459 2822 2551; baseline 0.001 -20"><span class='ocrx_word' id='word_1_151' title='bbox 643 2468 714 2531; x_wconf 86' lang='lat' dir='ltr'>Si</span> <span class='ocrx_word' id='word_1_152' title='bbox 779 2470 952 2531; x_wconf 90' lang='lat' dir='ltr'>enim</span> <span class='ocrx_word' id='word_1_153' title='bbox 1019 2470 1324 2551; x_wconf 84' lang='lat' dir='ltr'>epistulas</span> <span class='ocrx_word' id='word_1_154' title='bbox 1391 2459 1471 2531; x_wconf 83' lang='lat' dir='ltr'>ad</span> <span class='ocrx_word' id='word_1_155' title='bbox 1537 2470 1710 2532; x_wconf 89' lang='lat' dir='ltr'>hunc</span> <span class='ocrx_word' id='word_1_156' title='bbox 1780 2472 2058 2532; x_wconf 80' lang='lat' dir='ltr'>amicum</span> <span class='ocrx_word' id='word_1_157' title='bbox 2125 2488 2207 2531; x_wconf 80' lang='lat' dir='ltr'>ex</span> <span class='ocrx_word' id='word_1_158' title='bbox 2273 2469 2480 2531; x_wconf 91' lang='lat' dir='ltr'>Ponto</span> <span class='ocrx_word' id='word_1_159' title='bbox 2548 2470 2822 2551; x_wconf 79' lang='lat' dir='ltr'>scriptas</span> 
     </span>
     <span class='ocr_line' id='line_1_22' title="bbox 467 2575 2823 2665; baseline 0.001 -28"><span class='ocrx_word' id='word_1_160' title='bbox 467 2575 810 2657; x_wconf 82' lang='lat' dir='ltr'>diligenter</span> <span class='ocrx_word' id='word_1_161' title='bbox 856 2576 1368 2664; x_wconf 77' lang='lat' dir='ltr'>consideramuS,</span> <span class='ocrx_word' id='word_1_162' title='bbox 1416 2597 1549 2638; x_wconf 91' lang='lat' dir='ltr'>non</span> <span class='ocrx_word' id='word_1_163' title='bbox 1596 2596 1938 2660; x_wconf 82' lang='lat' dir='ltr'>possumus</span> <span class='ocrx_word' id='word_1_164' title='bbox 1986 2596 2221 2665; x_wconf 81' lang='lat' dir='ltr'>negare</span> <span class='ocrx_word' id='word_1_165' title='bbox 2270 2596 2376 2639; x_wconf 89' lang='lat' dir='ltr'>eas</span> <span class='ocrx_word' id='word_1_166' title='bbox 2424 2577 2823 2639; x_wconf 80' lang='lat' dir='ltr'>anxietatem</span> 
     </span>
     <span class='ocr_line' id='line_1_23' title="bbox 466 2682 2820 2766; baseline 0 -22"><span class='ocrx_word' id='word_1_167' title='bbox 466 2687 528 2744; x_wconf 91' lang='lat' dir='ltr'>et</span> <span class='ocrx_word' id='word_1_168' title='bbox 575 2682 1077 2745; x_wconf 88' lang='lat' dir='ltr'>sollicitudinem</span> <span class='ocrx_word' id='word_1_169' title='bbox 1124 2684 1398 2764; x_wconf 88' lang='lat' dir='ltr'>spirare,</span> <span class='ocrx_word' id='word_1_170' title='bbox 1454 2703 1537 2746; x_wconf 91' lang='lat' dir='ltr'>ne</span> <span class='ocrx_word' id='word_1_171' title='bbox 1582 2684 1762 2745; x_wconf 91' lang='lat' dir='ltr'>illius</span> <span class='ocrx_word' id='word_1_172' title='bbox 1811 2703 1964 2745; x_wconf 86' lang='lat' dir='ltr'>cura</span> <span class='ocrx_word' id='word_1_173' title='bbox 2012 2684 2316 2766; x_wconf 87' lang='lat' dir='ltr'>languida</span> <span class='ocrx_word' id='word_1_174' title='bbox 2380 2684 2477 2745; x_wconf 90' lang='lat' dir='ltr'>sit.</span> <span class='ocrx_word' id='word_1_175' title='bbox 2571 2682 2820 2745; x_wconf 90' lang='lat' dir='ltr'>Iterum</span> 
     </span>
     <span class='ocr_line' id='line_1_24' title="bbox 465 2789 2822 2873; baseline 0 -23"><span class='ocrx_word' id='word_1_176' title='bbox 465 2793 680 2850; x_wconf 85' lang='lat' dir='ltr'>autem</span> <span class='ocrx_word' id='word_1_177' title='bbox 728 2794 919 2870; x_wconf 88' lang='lat' dir='ltr'>atque</span> <span class='ocrx_word' id='word_1_178' title='bbox 966 2790 1200 2852; x_wconf 86' lang='lat' dir='ltr'>iterum</span> <span class='ocrx_word' id='word_1_179' title='bbox 1247 2790 1537 2852; x_wconf 87' lang='lat' dir='ltr'>Atticum</span> <span class='ocrx_word' id='word_1_180' title='bbox 1586 2789 1995 2870; x_wconf 75' lang='lat' dir='ltr'>adhortatur,</span> <span class='ocrx_word' id='word_1_181' title='bbox 2065 2798 2134 2853; x_wconf 88' lang='lat' dir='ltr'>ut</span> <span class='ocrx_word' id='word_1_182' title='bbox 2196 2808 2446 2873; x_wconf 89' lang='lat' dir='ltr'>semper</span> <span class='ocrx_word' id='word_1_183' title='bbox 2490 2789 2822 2852; x_wconf 79' lang='lat' dir='ltr'>infelicem</span> 
     </span>
     <span class='ocr_line' id='line_1_25' title="bbox 466 2893 2822 2979; baseline -0.001 -22"><span class='ocrx_word' id='word_1_184' title='bbox 466 2895 750 2958; x_wconf 87' lang='lat' dir='ltr'>sodalem</span> <span class='ocrx_word' id='word_1_185' title='bbox 798 2901 1007 2958; x_wconf 80' lang='lat' dir='ltr'>servet</span> <span class='ocrx_word' id='word_1_186' title='bbox 1055 2903 1115 2959; x_wconf 92' lang='lat' dir='ltr'>et</span> <span class='ocrx_word' id='word_1_187' title='bbox 1164 2898 1223 2959; x_wconf 89' lang='lat' dir='ltr'>ei</span> <span class='ocrx_word' id='word_1_188' title='bbox 1272 2893 1671 2959; x_wconf 88' lang='lat' dir='ltr'>constantem</span> <span class='ocrx_word' id='word_1_189' title='bbox 1720 2896 1915 2959; x_wconf 87' lang='lat' dir='ltr'>fidem</span> <span class='ocrx_word' id='word_1_190' title='bbox 1952 2897 2271 2979; x_wconf 87' lang='lat' dir='ltr'>praebeat.</span> <span class='ocrx_word' id='word_1_191' title='bbox 2363 2896 2593 2978; x_wconf 85' lang='lat' dir='ltr'>Itaque</span> <span class='ocrx_word' id='word_1_192' title='bbox 2630 2896 2822 2958; x_wconf 89' lang='lat' dir='ltr'>initio</span> 
     </span>
     <span class='ocr_line' id='line_1_26' title="bbox 470 3002 1585 3086; baseline 0 -21"><span class='ocrx_word' id='word_1_193' title='bbox 470 3004 649 3085; x_wconf 90' lang='lat' dir='ltr'>epist.</span> <span class='ocrx_word' id='word_1_194' title='bbox 698 3002 782 3083; x_wconf 92' lang='lat' dir='ltr'>II,</span> <span class='ocrx_word' id='word_1_195' title='bbox 831 3006 871 3065; x_wconf 90' lang='grc'>4</span> <span class='ocrx_word' id='word_1_196' title='bbox 921 3023 1003 3065; x_wconf 75' lang='lat' dir='ltr'>ex</span> <span class='ocrx_word' id='word_1_197' title='bbox 1051 3005 1254 3066; x_wconf 88' lang='lat' dir='ltr'>amico</span> <span class='ocrx_word' id='word_1_198' title='bbox 1304 3005 1585 3086; x_wconf 87' lang='lat' dir='ltr'>quaerit:</span> 
     </span>
     <span class='ocr_line' id='line_1_27' title="bbox 783 3109 2539 3193; baseline 0.001 -25"><span class='ocrx_word' id='word_1_199' title='bbox 783 3109 1064 3193; x_wconf 84' lang='lat' dir='ltr'>»Ecquid</span> <span class='ocrx_word' id='word_1_200' title='bbox 1114 3111 1324 3173; x_wconf 87' lang='lat' dir='ltr'>adhuc</span> <span class='ocrx_word' id='word_1_201' title='bbox 1370 3130 1663 3173; x_wconf 86' lang='lat' dir='ltr'>remanes</span> <span class='ocrx_word' id='word_1_202' title='bbox 1712 3130 1959 3173; x_wconf 90' lang='lat' dir='ltr'>memor</span> <span class='ocrx_word' id='word_1_203' title='bbox 2003 3111 2283 3174; x_wconf 89' lang='lat' dir='ltr'>infelicis</span> <span class='ocrx_word' id='word_1_204' title='bbox 2332 3111 2539 3188; x_wconf 87' lang='lat' dir='ltr'>amici,</span> 
     </span>
     <span class='ocr_line' id='line_1_28' title="bbox 790 3215 2541 3301; baseline 0 -22"><span class='ocrx_word' id='word_1_205' title='bbox 790 3215 1041 3280; x_wconf 91' lang='lat' dir='ltr'>Deserit</span> <span class='ocrx_word' id='word_1_206' title='bbox 1088 3238 1171 3280; x_wconf 87' lang='lat' dir='ltr'>an</span> <span class='ocrx_word' id='word_1_207' title='bbox 1219 3219 1417 3301; x_wconf 86' lang='lat' dir='ltr'>partis</span> <span class='ocrx_word' id='word_1_208' title='bbox 1465 3218 1776 3301; x_wconf 85' lang='lat' dir='ltr'>languida</span> <span class='ocrx_word' id='word_1_209' title='bbox 1826 3238 1980 3280; x_wconf 88' lang='lat' dir='ltr'>cura</span> <span class='ocrx_word' id='word_1_210' title='bbox 2029 3220 2227 3280; x_wconf 71' lang='lat' dir='ltr'>suas?</span> <span class='ocrx_word' id='word_1_211' title='bbox 2535 3223 2541 3227; x_wconf 82' lang='grc'><strong>’</strong></span> 
     </span>
     <span class='ocr_line' id='line_1_29' title="bbox 788 3323 2611 3406; baseline -0.001 -20"><span class='ocrx_word' id='word_1_212' title='bbox 788 3323 935 3386; x_wconf 86' lang='lat' dir='ltr'>Non</span> <span class='ocrx_word' id='word_1_213' title='bbox 980 3326 1067 3387; x_wconf 86' lang='lat' dir='ltr'>ita</span> <span class='ocrx_word' id='word_1_214' title='bbox 1115 3323 1198 3386; x_wconf 91' lang='lat' dir='ltr'>Di</span> <span class='ocrx_word' id='word_1_215' title='bbox 1245 3326 1403 3386; x_wconf 89' lang='lat' dir='ltr'>mihi</span> <span class='ocrx_word' id='word_1_216' title='bbox 1451 3330 1602 3386; x_wconf 89' lang='lat' dir='ltr'>sunt</span> <span class='ocrx_word' id='word_1_217' title='bbox 1649 3326 1879 3405; x_wconf 77' lang='lat' dir='ltr'>tristeS,</span> <span class='ocrx_word' id='word_1_218' title='bbox 1926 3330 2000 3387; x_wconf 90' lang='lat' dir='ltr'>ut</span> <span class='ocrx_word' id='word_1_219' title='bbox 2047 3325 2305 3387; x_wconf 87' lang='lat' dir='ltr'>credere</span> <span class='ocrx_word' id='word_1_220' title='bbox 2352 3324 2611 3406; x_wconf 87' lang='lat' dir='ltr'>possim,</span> 
     </span>
     <span class='ocr_line' id='line_1_30' title="bbox 788 3429 2396 3514; baseline -0.002 -22"><span class='ocrx_word' id='word_1_221' title='bbox 788 3429 1040 3514; x_wconf 82' lang='lat' dir='ltr'>Fasque</span> <span class='ocrx_word' id='word_1_222' title='bbox 1086 3438 1307 3514; x_wconf 86' lang='lat' dir='ltr'>putem</span> <span class='ocrx_word' id='word_1_223' title='bbox 1355 3433 1483 3493; x_wconf 89' lang='lat' dir='ltr'>iam</span> <span class='ocrx_word' id='word_1_224' title='bbox 1533 3437 1595 3494; x_wconf 88' lang='lat' dir='ltr'>te</span> <span class='ocrx_word' id='word_1_225' title='bbox 1642 3451 1770 3494; x_wconf 91' lang='lat' dir='ltr'>non</span> <span class='ocrx_word' id='word_1_226' title='bbox 1822 3432 2193 3494; x_wconf 87' lang='lat' dir='ltr'>meminisse</span> <span class='ocrx_word' id='word_1_227' title='bbox 2241 3432 2396 3493; x_wconf 80' lang='lat' dir='ltr'>niei«</span> 
     </span>
    </p>

    <p class='ocr_par' dir='ltr' id='par_1_5' title="bbox 469 3536 1728 3619">
     <span class='ocr_line' id='line_1_31' title="bbox 469 3536 1728 3619; baseline 0.002 -21"><span class='ocrx_word' id='word_1_228' title='bbox 469 3542 533 3598; x_wconf 81' lang='lat' dir='ltr'>et</span> <span class='ocrx_word' id='word_1_229' title='bbox 579 3536 707 3598; x_wconf 88' lang='lat' dir='ltr'>fine</span> <span class='ocrx_word' id='word_1_230' title='bbox 755 3538 1057 3599; x_wconf 83' lang='lat' dir='ltr'>carminis</span> <span class='ocrx_word' id='word_1_231' title='bbox 1103 3538 1290 3600; x_wconf 92' lang='lat' dir='ltr'>illum</span> <span class='ocrx_word' id='word_1_232' title='bbox 1339 3538 1728 3619; x_wconf 87' lang='lat' dir='ltr'>alloquitur:</span> 
     </span>
    </p>

    <p class='ocr_par' dir='ltr' id='par_1_6' title="bbox 576 3641 2514 3938">
     <span class='ocr_line' id='line_1_32' title="bbox 576 3641 2514 3728; baseline -0.001 -23"><span class='ocrx_word' id='word_1_233' title='bbox 576 3651 584 3658; x_wconf 84' lang='grc'><em>“</em></span> <span class='ocrx_word' id='word_1_234' title='bbox 878 3641 1004 3705; x_wconf 91' lang='lat' dir='ltr'>»Ne</span> <span class='ocrx_word' id='word_1_235' title='bbox 1050 3649 1268 3706; x_wconf 87' lang='lat' dir='ltr'>tamen</span> <span class='ocrx_word' id='word_1_236' title='bbox 1313 3645 1474 3707; x_wconf 88' lang='lat' dir='ltr'>haec</span> <span class='ocrx_word' id='word_1_237' title='bbox 1522 3644 1650 3707; x_wconf 91' lang='lat' dir='ltr'>dici</span> <span class='ocrx_word' id='word_1_238' title='bbox 1696 3646 1899 3728; x_wconf 86' lang='lat' dir='ltr'>possit</span> <span class='ocrx_word' id='word_1_239' title='bbox 1945 3645 2182 3706; x_wconf 84' lang='lat' dir='ltr'>fiducia</span> <span class='ocrx_word' id='word_1_240' title='bbox 2232 3643 2514 3705; x_wconf 84' lang='lat' dir='ltr'>mendax</span> 
     </span>
     <span class='ocr_line' id='line_1_33' title="bbox 879 3750 2374 3831; baseline 0.001 -20"><span class='ocrx_word' id='word_1_241' title='bbox 879 3750 1217 3831; x_wconf 83' lang='lat' dir='ltr'>Stultaque</span> <span class='ocrx_word' id='word_1_242' title='bbox 1265 3750 1613 3814; x_wconf 85' lang='lat' dir='ltr'>credulitas</span> <span class='ocrx_word' id='word_1_243' title='bbox 1660 3758 1878 3814; x_wconf 86' lang='lat' dir='ltr'>nostra</span> <span class='ocrx_word' id='word_1_244' title='bbox 1924 3752 2154 3830; x_wconf 85' lang='lat' dir='ltr'>fuisse,</span> <span class='ocrx_word' id='word_1_245' title='bbox 2202 3770 2374 3830; x_wconf 76' lang='lat' dir='ltr'>cave,</span> 
     </span>
     <span class='ocr_line' id='line_1_34' title="bbox 881 3855 2454 3938; baseline -0.001 -20"><span class='ocrx_word' id='word_1_246' title='bbox 881 3855 1342 3938; x_wconf 84' lang='lat' dir='ltr'>Constantique</span> <span class='ocrx_word' id='word_1_247' title='bbox 1389 3858 1516 3920; x_wconf 92' lang='lat' dir='ltr'>fide</span> <span class='ocrx_word' id='word_1_248' title='bbox 1564 3865 1846 3921; x_wconf 81' lang='lat' dir='ltr'>veterem</span> <span class='ocrx_word' id='word_1_249' title='bbox 1896 3862 2103 3921; x_wconf 87' lang='lat' dir='ltr'>tutare</span> <span class='ocrx_word' id='word_1_250' title='bbox 2151 3856 2454 3936; x_wconf 85' lang='lat' dir='ltr'>sodalem,</span> 
     </span>
    </p>

    <p class='ocr_par' dir='ltr' id='par_1_7' title="bbox 882 3962 2437 4047">
     <span class='ocr_line' id='line_1_35' title="bbox 882 3962 2437 4047; baseline -0.004 -22"><span class='ocrx_word' id='word_1_251' title='bbox 882 3962 1031 4038; x_wconf 80' lang='lat' dir='ltr'>Qua</span> <span class='ocrx_word' id='word_1_252' title='bbox 1069 3964 1220 4026; x_wconf 89' lang='lat' dir='ltr'>licet</span> <span class='ocrx_word' id='word_1_253' title='bbox 1267 3970 1332 4031; x_wconf 92' lang='lat' dir='ltr'>et</span> <span class='ocrx_word' id='word_1_254' title='bbox 1379 3971 1696 4047; x_wconf 86' lang='lat' dir='ltr'>quantum</span> <span class='ocrx_word' id='word_1_255' title='bbox 1745 3985 1876 4026; x_wconf 92' lang='lat' dir='ltr'>non</span> <span class='ocrx_word' id='word_1_256' title='bbox 1926 3983 2235 4026; x_wconf 86' lang='lat' dir='ltr'>onerosus</span> <span class='ocrx_word' id='word_1_257' title='bbox 2285 3983 2437 4026; x_wconf 89' lang='lat' dir='ltr'>ero.«</span> 
     </span>
    </p>

    <p class='ocr_par' dir='ltr' id='par_1_8' title="bbox 472 4069 2821 4153">
     <span class='ocr_line' id='line_1_36' title="bbox 472 4069 2821 4153; baseline 0 -23"><span class='ocrx_word' id='word_1_258' title='bbox 472 4069 688 4152; x_wconf 90' lang='lat' dir='ltr'>Atque</span> <span class='ocrx_word' id='word_1_259' title='bbox 733 4072 802 4133; x_wconf 92' lang='lat' dir='ltr'>in</span> <span class='ocrx_word' id='word_1_260' title='bbox 853 4070 1051 4133; x_wconf 83' lang='lat' dir='ltr'>altera</span> <span class='ocrx_word' id='word_1_261' title='bbox 1099 4071 1304 4153; x_wconf 86' lang='lat' dir='ltr'>elegia</span> <span class='ocrx_word' id='word_1_262' title='bbox 1341 4074 1576 4134; x_wconf 88' lang='lat' dir='ltr'>iterum</span> <span class='ocrx_word' id='word_1_263' title='bbox 1624 4073 1991 4153; x_wconf 83' lang='lat' dir='ltr'>interrogat,</span> <span class='ocrx_word' id='word_1_264' title='bbox 2038 4090 2196 4132; x_wconf 89' lang='lat' dir='ltr'>num</span> <span class='ocrx_word' id='word_1_265' title='bbox 2236 4071 2317 4132; x_wconf 89' lang='lat' dir='ltr'>sit</span> <span class='ocrx_word' id='word_1_266' title='bbox 2356 4072 2546 4132; x_wconf 86' lang='lat' dir='ltr'>etiam</span> <span class='ocrx_word' id='word_1_267' title='bbox 2584 4069 2821 4131; x_wconf 86' lang='lat' dir='ltr'>sodalis</span> 
     </span>
    </p>
   </div>
   <div class='ocr_carea' id='block_1_3' title="bbox 618 4301 1108 4367">
    <p class='ocr_par' dir='ltr' id='par_1_9' title="bbox 618 4301 1108 4367">
     <span class='ocr_line' id='line_1_37' title="bbox 618 4301 1108 4367; baseline 0.006 -16"><span class='ocrx_word' id='word_1_268' title='bbox 618 4301 657 4367; x_wconf 84' lang='lat'>1)</span> <span class='ocrx_word' id='word_1_269' title='bbox 695 4301 849 4354; x_wconf 79' lang='lat' dir='ltr'>Iliad.</span> <span class='ocrx_word' id='word_1_270' title='bbox 891 4306 949 4366; x_wconf 77' lang='grc' dir='ltr'>ψ,</span> <span class='ocrx_word' id='word_1_271' title='bbox 990 4305 1108 4354; x_wconf 79' lang='lat'>612.</span> 
     </span>
    </p>
   </div>
  </div>
 </body>
</html>
