3123 4869
953 839 1323 920 Paullus
1381 838 1704 919 Fabius
1762 838 2226 919 Maximus.

593 1071 661 1147 Q.
741 1071 978 1133 Fabius
1058 1070 1127 1147 Q.
1202 1070 1267 1133 F.
1350 1069 1419 1144 Q.
1494 1069 1573 1132 N.
1662 1070 1987 1157 Maximus
2011 1072 2088 1148 1),
2174 1070 2346 1133 filius
2430 1070 2500 1145 Q.
2579 1070 2760 1134 Fabii

410 1179 699 1258 Maximi.
767 1180 877 1260 qui
945 1178 1014 1254 Q.
1081 1177 1276 1241 Fabio
1342 1177 1754 1262 allobrogioo
1829 1182 2019 1239 natus
2085 1195 2118 1238 e
2185 1178 2379 1260 stirpe
2445 1176 2515 1252 Q.
2581 1176 2760 1240 Fabii

408 1286 762 1349 Aemiliani
824 1293 1001 1348 ortus
1067 1293 1217 1359 erat,
1264 1304 1431 1347 anno
1496 1304 1557 1346 11.
1608 1303 1659 1346 c.
1709 1286 1836 1346 695
1898 1303 2046 1345 011111
2094 1282 2156 1345 C.
2207 1282 2476 1346 Caninio
2525 1284 2764 1364 Gallo‘2)

406 1392 478 1454 C.
539 1388 951 1468 Antoni11n1‚'
990 1393 1100 1473 qui
1163 1412 1196 1453 e
1256 1390 1631 1453 Macedonia
1696 1396 1830 1453 erat
1889 1409 2202 1470 reversuS‚
2262 1391 2762 1473 repetundarum

412 1500 754 1562 accusavit.
850 1497 1052 1572 Quem
1102 1500 1316 1561 virum
1362 1496 1640 1579 Cicero-3)
1688 1499 1955 1560 summis
2003 1504 2187 1560 ornat
2232 1497 2550 1568 laudibus,
2615 1519 2763 1561 oum

408 1607 596 1668 dicit:
660 1604 879 1667 »Dices
932 1605 1428 1667 familiaritatem
1489 1604 1608 1667 tibi
1654 1606 1853 1667 fuisse
1901 1625 2050 1667 oum
2097 1602 2168 1679 Q.
2215 1603 2411 1667 Fabio
2459 1605 2761 1667 Maximo.

414 1713 752 1776 Praeclara
799 1712 1080 1774 defensio
1127 1712 1430 1773 facinoris
1467 1713 1581 1773 tui.
1674 1710 1841 1774 Nam
1889 1710 2159 1775 Maximi
2208 1712 2469 1794 quidem
2515 1732 2766 1775 summa

412 1820 559 1882 laus
616 1824 727 1905 est,
793 1820 1063 1901 sumptis
1127 1819 1511 1897 inimicitiis,
1578 1824 1872 1900 suscepta
1919 1838 2129 1898 eausa,
2196 1820 2553 1900 quaesitore
2619 1840 2768 1883 oon-

418 1927 693 2008 silioque
791 1926 1032 1989 delecto
1137 1925 1634 1989 commodiorem
1733 1925 1995 1988 inimico
2098 1945 2214 1987 suo
2324 1926 2766 1989 condicionem

417 2034 781 2097 reiectionis
853 2034 1004 2095 dare
1071 2033 1371 2094 noluisse.
1475 2031 1653 2094 Nihil
1717 2031 2043 2094 Maximus
2101 2031 2252 2095 feeit
2317 2033 2601 2096 alienum
2659 2043 2768 2096 aut

415 2161 534 2203 sua
581 2141 819 2202 virtute
868 2145 976 2201 aut
1025 2139 1152 2200 illis
1201 2139 1356 2200 viris
1406 2139 1796 2217 clarissimiS,
1842 2136 2106 2218 Paulus.
2152 2138 2475 2219 Maximis,
2521 2141 2770 2203 Africa—

419 2248 538 2325 nis,
586 2266 863 2329 quorum
908 2247 1179 2329 gloriam
1227 2245 1419 2307 huius
1467 2247 1706 2307 virtute
1744 2250 2116 2321 renovatam
2163 2265 2292 2308 non
2331 2246 2519 2309 modo
2560 2267 2771 2330 spera-

421 2373 600 2433 mu8‚
659 2372 889 2415 verum
937 2354 1128 2415 etiam
1189 2354 1316 2414 iarn
1362 2352 1707 2415 videmus«
1807 2349 2003 2414 Hune
2063 2358 2280 2416 autem
2338 2353 2551 2415 virum
2601 2374 2772 2416 anno

421 2482 483 2524 u.
534 2480 583 2523 0.
634 2463 780 2540 698,
829 2480 978 2522 011111
1026 2459 1246 2524 Cicero
1295 2460 1362 2520 in
1412 2458 1751 2521 Vatinium
1807 2460 2247 2522 testimonium
2295 2461 2563 2541 diceret,
2626 2463 2772 2524 aed-

421 2568 575 2630 ilem
623 2567 916 2656 ourulem
941 2570 989 2646 4)
1052 2568 1282 2646 fuisse.
1344 2566 1447 2629 vel
1496 2559 1712 2648 paullo
1774 2572 2008 2648 postea,
2072 2572 2133 2629 et
2180 2586 2401 2629 areum
2450 2545 2774 2651 quendam

423 2674 661 2737 Romae
709 2675 1065 2737 restituisse
1113 2655 1549 2736 Mommsenus
1598 2674 1832 2735 conicit
1852 2675 1916 2751 5).
1992 2672 2241 2737 Deinde
2280 2695 2448 2737 anno
2488 2696 2620 2737 11.0.
2648 2677 2775 2738 708

419 2801 574 2844 «cum
623 2779 692 2855 Q.
743 2780 941 2843 Pedio
988 2781 1238 2863 legatus
1288 2779 1576 2843 Caesaris
1625 2781 1938 2842 exercitui
2000 2781 2069 2842 in
2127 2780 2442 2865 Hispania.
2502 2784 2775 2865 praefuit

424 2893 488 2950 et
545 2890 615 2949 in
668 2907 887 2970 pugna
948 2887 1028 2949 ad
1088 2886 1398 2950 Mundam
1463 2888 1804 2949 commissa
1884 2906 2120 2970 magna
2176 2890 2416 2952 virtute
2471 2889 2686 2952 floruit
2708 2891 2774 2966 θ’).

424 2993 654 3057 Postea
719 2993 797 3055 ab
865 2999 1172 3055 autumno
1240 2993 1530 3056 eiusdem
1595 2995 1748 3055 anni
1815 2994 1935 3056 sub
1985 2994 2161 3057 illius
2220 2995 2488 3078 imperio
2556 3004 2776 3058 contra

426 3099 805 3183 Pompeium
849 3101 1063 3182 ipsum
1108 3101 1421 3182 pugnavit
1444 3101 1525 3180 ⁷).‘
1589 3098 1820 3162 Caesar
1858 3108 2090 3180 autem,
2138 3121 2285 3163 oum
2323 3102 2487 3164 illud
2535 3102 2777 3187 bellu—m

424 3214 593 3270 esset
628 3207 885 3269 finitum
931 3207 1152 3289 (mens.
1195 3205 1545 3288 Septembr.
1592 3205 1762 3286 709),
1811 3205 1880 3281 Q.
1920 3206 2117 3269 Fabio
2163 3207 2443 3269 Maximo
2483 3210 2778 3271 consula-

420 3319 573 3376 tum.
603 3333 753 3377 oum
791 3312 855 3375 C.
893 3312 1205 3376 Trebonio
1242 3332 1356 3395 pro
1395 3314 1640 3375 meritis
1678 3313 1818 3375 eius
1858 3313 1936 3376 ab
1974 3315 2240 3375 ineunte
2287 3333 2483 3376 mens.
2526 3301 2778 3378 Octobr.

578 3596 614 3662 ¹)
652 3597 781 3649 fasti
820 3612 924 3649 eos.
965 3595 1255 3662 Capitolini
1296 3597 1363 3650 ad
1403 3613 1448 3649 a.
1490 3600 1594 3650 709
1633 3620 1704 3638 z
1741 3597 1795 3648 C.
1835 3596 1883 3648 J.
1925 3595 1983 3648 L.
2024 3596 2067 3660 Ι,
2107 3613 2225 3664 pag.
2270 3601 2387 3649 110.

572 3684 614 3750 ²)
654 3685 951 3737 Drumann.
1029 3684 1356 3738 Geschiohte
1393 3684 1507 3737 R.'s
1545 3685 1588 3750 Ι,
1623 3701 1745 3753 pag.
1790 3689 1908 3738 539.

574 3773 615 3840 3)
655 3777 786 3826 orat.
826 3775 885 3825 in
921 3774 1206 3827 Vatinium
1244 3773 1344 3839 XI,
1385 3777 1468 3827 28.

574 3863 617 3929 ⁴)
655 3864 710 3914 C.
749 3863 796 3914 J.
836 3862 894 3915 L.
936 3863 1039 3916 vol.
1076 3863 1119 3926 Ι,
1158 3880 1209 3915 11.
1251 3866 1379 3915 606:
1417 3862 1506 3927 »Q.
1546 3860 1747 3914 Fabius
1788 3861 1847 3926 Q.
1889 3865 1922 3914 f.
1967 3862 2282 3916 Maxsumus
2323 3863 2438 3918 aed.
2480 3880 2589 3916 our.
2631 3873 2787 3917 rost«

425 3954 503 4014 et.
544 3966 593 4002 n.
634 3955 762 4004 607:
802 3950 955 4004 »Fan
996 3951 1056 4016 Q.
1097 3953 1129 4003 f.
1172 3951 1492 4005 Maxsumus
1531 3951 1648 4003 aed.
1690 3967 1830 4003 omn«.

578 4039 620 4107 ⁵)
659 4039 714 4093 C.
753 4040 801 4091 J.
843 4040 901 4093 L.
943 4039 1046 4092 vol.
1088 4041 1127 4104 Ι,
1167 4057 1283 4108 pag.
1332 4044 1445 4093 178.

578 4128 619 4195 Β)
658 4128 781 4181 bell.
808 4128 1031 4195 Hispan.
1071 4128 1148 4181 H:
1186 4128 1426 4194 »Quibus
1451 4129 1614 4182 rebus
1643 4129 1928 4196 adductus.
1968 4146 2101 4197 quos
2127 4130 2334 4199 legatos
2363 4133 2489 4182 ante
2517 4132 2784 4184 exercitui

429 4217 781 4283 praefecerat,
810 4216 870 4281 Q.
898 4217 1126 4270 Pedium
1152 4220 1208 4269 et
1234 4216 1295 4282 Q.
1324 4216 1646 4280 Maximum.
1685 4218 1751 4269 de
1788 4234 1887 4270 suo
1926 4219 2167 4271 adventu
2204 4219 2334 4272 facit
2371 4219 2652 4272 certiores«
2679 4222 2784 4273 oto.

581 4308 621 4373 ⁷)
662 4305 784 4359 bell.
825 4306 980 4373 Hisp.
1026 4323 1069 4358 0.
1111 4306 1253 4358 XLI.

2292 4397 2364 4449 ⁶2*
