3123 4869
1327 282 1409 289 -—
1506 247 1589 306 33
1686 282 1766 289 -

380 444 434 482 v.
465 426 540 483 13
574 441 747 504 seqq.
779 430 1040 505 apparet
1069 423 1257 484 illum
1288 424 1574 505 poeticae
1607 425 1761 485 artis
1800 423 2297 485 scientissimum
2332 428 2394 485 et
2419 424 2728 505 peritissi-

378 550 558 591 mum
606 529 806 591 fuisse
855 535 916 591 et
965 528 1268 591 Ovidium
1319 548 1507 612 saepe
1555 531 1840 592 carmina
1878 549 2021 609 sua,
2081 531 2460 612 priusquam
2517 529 2730 612 publi-

376 642 693 717 carentur,
739 636 977 698 iudicio
1026 636 1216 698 amici
1264 638 1693 719 supposuisse.

558 742 598 805 J
604 763 707 805 am
754 761 939 822 vem,
1006 744 1059 804 si
1109 744 1508 823 quaerimus,
1573 762 1890 825 quaenam
1936 742 2239 806 Tristium
2289 745 2531 826 elegiae
2578 743 2730 805 huic

378 851 585 911 amico
651 849 1099 912 inscribendae
1166 869 1305 912 esse
1368 851 1741 931 videantur,
1818 851 2096 932 primum
2164 850 2337 912 haud
2414 852 2628 933 inepte
2694 870 2732 912 a

375 955 626 1017 Kochio
673 957 711 1017 l.
759 957 798 1018 l.
846 977 990 1039 pag,
1045 960 1142 1018 17.
1193 957 1389 1040 eleg.
1439 956 1518 1037 V,
1565 961 1607 1019 4
1653 958 1868 1020 Attico
1916 956 2113 1018 tribui
2165 942 2596 1019 concedimus.

560 1063 665 1124 Ad
728 1064 902 1125 hunc
950 1065 1117 1126 enim
1182 1066 1395 1126 virum
1455 1065 1759 1127 videntur
1824 1069 2111 1147 spectare
2168 1064 2363 1125 huius
2430 1065 2733 1126 carminis

377 1190 435 1229 v.
487 1171 569 1230 27
621 1189 784 1251 seq:

701 1275 865 1338 »Nec
912 1279 1181 1359 patriam
1228 1280 1437 1361 magis
1487 1279 1593 1340 ille
1643 1299 1824 1340 suam
1875 1277 2195 1341 desiderat
2245 1283 2307 1340 et
2354 1297 2519 1359 quae

703 1383 993 1446 Plurima
1040 1405 1188 1446 cum
1236 1387 1440 1466 patria
1488 1386 1680 1447 sentit
1727 1385 1949 1448 abesse
1997 1384 2139 1464 sibi,

705 1490 911 1564 Quam
957 1492 1177 1554 vultus
1225 1493 1572 1573 oculosque
1620 1498 1794 1572 tuos,
1843 1512 1878 1554 o
1928 1492 2177 1554 dulcior
2222 1491 2331 1552 illo

703 1597 914 1678 Melle,
962 1583 1134 1680 quod
1180 1600 1249 1659 in
1297 1601 1458 1662 ceris
1505 1600 1789 1662 Attica
1834 1601 2014 1682 ponit
2061 1600 2243 1680 apis«
2396 1680 2398 1682 q

564 1704 687 1778 Qui
722 1724 947 1767 versus
986 1725 1115 1767 non
1155 1707 1362 1767 solum
1401 1713 1653 1769 tantum
1688 1726 1966 1768 amorem
2008 1714 2070 1768 et
2098 1708 2401 1788 pietatem
2431 1705 2737 1786 indicant,

383 1817 688 1893 quantam
740 1812 836 1873 illi
883 1813 951 1873 in
1001 1813 1250 1895 epistul.
1299 1812 1413 1893 IV,
1461 1817 1534 1892 4,
1598 1833 1758 1895 quos
1805 1814 1929 1875 iam
1982 1832 2176 1894 supra
2223 1813 2577 1891 attulimus,
2625 1812 2737 1875 sed

383 1919 577 1981 etiam
627 1917 931 1980 Ovidium
993 1939 1150 1982 voce
1214 1921 1509 1983 »Attica«
1573 1921 1774 1982 Attici
1822 1939 2056 1981 110111011
2106 1919 2468 2002 significare
2514 1920 2738 1982 verisi-

382 2025 727 2086 millimum
774 2026 1032 2088 videtur
1082 2047 1238 2107 esse,
1300 2029 1862 2109 praesertimcum
1901 2028 1964 2087 in
2007 2026 2403 2088 carminibus
2451 2026 2531 2088 ad
2580 2027 2738 2088 alios

385 2132 623 2194 amicos
672 2133 923 2214 scriptis
971 2133 1194 2195 eodem
1241 2134 1430 2196 modo
1479 2134 1705 2196 luserit
1750 2134 1928 2196 velut
1973 2132 2093 2213 III,
2139 2137 2181 2195 4
2229 2138 2290 2195 01
2335 2131 2453 2211 ΙΠ,
2502 2135 2559 2193 5.

564 2237 782 2300 Minus
849 2244 1065 2302 autem
1132 2240 1297 2303 duae
1363 2241 1524 2304 aliae
1592 2259 1821 2303 causae
1887 2246 2038 2303 sunt
2105 2238 2505 2322 probabileS,
2581 2257 2740 2319 quas

388 2343 677 2406 Kochius
744 2346 824 2408 ad
873 2348 1256 2409 sententiam
1324 2368 1506 2410 suam
1552 2347 1933 2409 firmandam
1978 2346 2237 2429 profert.
2333 2344 2519 2420 Quod
2568 2345 2740 2405 enim

389 2454 453 2512 in
503 2454 703 2513 nostri
752 2456 1054 2517 carminis
1102 2476 1159 2516 v.
1209 2458 1292 2516 25
1342 2475 1505 2538 seq.:
2317 2532 2323 2537 ⁴

708 2559 951 2643 »Teque
996 2562 1467 2643 Menoetiaden,
1515 2570 1595 2644 te,
1644 2563 1756 2645 qui
1804 2563 2143 2625 comitatus
2193 2561 2483 2638 Oresten,

709 2666 795 2730 Te
839 2677 1025 2732 vocat
1048 2665 1367 2753 'Aegiden
1412 2669 1905 2752 Euryalumque
1952 2688 2175 2731 suum«

386 2779 452 2834 et
498 2774 564 2834 in
617 2792 710 2855 ep.
760 2795 842 2837 ex
890 2775 1096 2839 Ponto
1143 2777 1227 2857 II,
1275 2781 1317 2839 4
1363 2798 1420 2838 v.
1470 2780 1549 2839 21
1606 2797 1772 2859 seq:

703 2880 1029 2964 »Denique
1076 2890 1291 2947 tantus
1340 2904 1519 2946 amor
1564 2884 1769 2964 nobiS,
1817 2884 2162 2962 carissime,
2212 2901 2463 2964 semper

635 3024 639 3028 -
711 2986 1002 3062 Quantus
1050 2992 1119 3050 in
1165 2991 1448 3053 Aeacide
1495 2991 1933 3072 Actorideque
1979 2989 2133 3051 fuit«

388 3094 684 3176 legamus
723 3102 785 3157 et
822 3094 1359 3159 Menoetiades
1399 3105 1460 3158 et
1497 3097 1907 3159 Actorides
1947 3096 2225 3158 eundem
2261 3097 2299 3155 i.
2334 3114 2385 3157 0.
2433 3093 2745 3156 Patroc-

391 3201 558 3262 lum
605 3203 994 3284 significent,
1062 3204 1329 3266 eandem
1392 3204 1579 3265 amici
1628 3223 1965 3285 personam
2027 3204 2094 3264 in
2142 3211 2414 3283 utroque
2463 3201 2744 3263 carmine

392 3308 663 3371 indicari
701 3315 898 3392 putat.
965 3311 1286 3391 Attamen,
1326 3315 1398 3372 111
1436 3312 1804 3374 omittamus
1841 3309 2146 3372 Ovidium
2185 3309 2439 3389 saepius
2485 3309 2554 3368 in
2603 3307 2745 3370 aliis

394 3436 654 3497 quoque
721 3418 1010 3497 epistulis
1071 3419 1224 3480 talia
1280 3419 1576 3500 exempla
1638 3418 1861 3479 firmae
1923 3417 2241 3498 amicitiae
2308 3416 2387 3477 de
2451 3420 2745 3477 veterum

392 3524 704 3584 memoria
749 3525 947 3605 petita
995 3544 1543 3605 commemorasse,
1589 3526 1701 3586 illo
1750 3524 2169 3605 epistularum
2222 3542 2302 3583 ex
2350 3521 2557 3584 Ponto
2605 3522 2746 3583 loco

395 3629 650 3692 codices
688 3631 856 3693 inter
902 3650 970 3693 se
1010 3631 1312 3694 differunt
1351 3632 1430 3694 de
1467 3633 1799 3714 scriptura.
1865 3630 2056 3693 Multi
2096 3630 2267 3692 enim
2304 3630 2483 3709 iique
2522 3629 2747 3710 optimi

397 3739 482 3816 (β,
530 3737 609 3816 A,
657 3736 723 3818 C,
770 3735 847 3819 D,
895 3738 972 3822 ψ)
1000 3736 1044 3819 1)
1092 3758 1206 3820 pro
1253 3738 1747 3819 »Actorideque«
1805 3737 2112 3820 praebent
2157 3736 2499 3798 lectionem
2559 3734 2647 3798 »N
2652 3754 2748 3797 es-

398 3843 778 3925 torideque«,
819 3865 1013 3926 quam
1054 3845 1329 3907 editores
1366 3846 1753 3908 recentiores
1790 3848 2171 3926 receperunt
2210 3860 2505 3924 quaeque
2542 3841 2747 3903 multo

398 3954 497 4010 est
559 3949 980 4032 probabilior,
1048 3952 1253 4034 quod,
1331 3957 1404 4014 ut
1467 3957 1639 4014 reete
1708 3955 1970 4012 annotat
2033 3949 2470 4029 BurmannuS,
2534 3947 2748 4010 hiatus

399 4056 738 4121 Aeacide
773 4057 1289 4140 Actorideque
1326 4058 1611 4121 insolens
1643 4064 1738 4121 est
1757 4057 2017 4118 Nasoni.
2078 4056 2497 4119 Antilochum
2533 4060 2748 4116 autem

548 4286 586 4348 ¹)
626 4286 682 4338 in
720 4287 1094 4353 significandis
1133 4287 1413 4340 codicibus
1450 4288 1716 4341 Kornium
1756 4287 1927 4338 secuti
1970 4303 2176 4339 sumus.

2287 4382 2322 4428 3
