3123 4869
1382 276 1642 334 —47
1740 310 1819 316 --

421 452 763 516 Praeterea
815 457 875 515 et
937 470 1133 515 sonus
1191 457 1252 514 et
1317 453 1632 513 sententia
1700 452 1896 513 totius
1957 451 2197 532 elegiae
2262 449 2434 510 hunc
2495 449 2772 510 amicum

421 562 658 643 optime
722 559 1025 620 indicant.
1147 558 1471 620 Admonet
1538 559 1709 619 enim
1774 556 2048 619 Ovidius
2105 575 2286 636 eum,
2346 561 2420 616 ut
2483 573 2550 616 se
2606 556 2774 615 intra

420 668 718 730 fortunae
751 666 1255 728 mediocritatem
1290 664 1613 727 contineat
1643 669 1704 726 et
1740 665 2097 746 potentium
2137 681 2329 724 usum
2360 666 2421 723 et
2446 660 2774 723 familiari—

418 780 634 854 tatem,
685 777 997 854 quantum
1042 773 1259 853 possit,
1305 773 1492 834 vitet:

832 878 1104 941 »Usibus
1153 879 1375 940 edocto
1423 879 1479 939 si
1529 879 1877 960 quicquam
1926 877 2135 939 credis
2183 876 2405 948 amice,

836 985 1003 1047 Vive
1049 985 1166 1047 tibi
1215 991 1277 1047 et
1323 985 1512 1067 longe
1559 986 1822 1046 nomina
1869 1003 2100 1065 magna
2144 984 2313 1065 fuge.

833 1093 999 1155 Vive
1046 1092 1182 1169 tibi,
1232 1097 1678 1174 quantumque
1724 1098 1921 1174 poteS,
1967 1090 2344 1173 praelustria
2393 1091 2541 1151 vita.

833 1199 1110 1263 Saevum
1157 1199 1496 1282 praelustri
1544 1199 1792 1261 fulmen
1840 1197 1918 1260 ab
1968 1217 2112 1261 arce
2160 1199 2382 1260 venit«

604 1307 768 1370 Cum
815 1312 1029 1369 autem
1077 1305 1276 1368 Carus
1323 1306 1516 1388 paulo
1576 1307 1828 1386 antea1)
1894 1305 2061 1366 illud
2118 1305 2478 1373 educatoris
2535 1322 2774 1366 munus

423 1416 649 1477 iniisse
697 1413 1244 1476 verisimillimum
1292 1413 1399 1491 sit,
1468 1431 1595 1494 quo
1643 1412 1905 1474 functus
1953 1418 2164 1474 artum
2233 1430 2380 1473 cum
2430 1409 2771 1473 Caesarum
2836 1468 2842 1474 .

420 1521 670 1583 familia
736 1519 960 1582 habuit
1023 1539 1248 1595 usum,
1313 1518 1616 1581 facillime
1681 1519 2056 1601 intellegere
2118 1537 2460 1601 possumus
2524 1523 2773 1600 poetam

422 1629 628 1689 amico
676 1628 908 1688 minori
956 1631 1115 1688 natu
1162 1626 1355 1688 talem
1414 1627 1666 1688 misisse
1741 1626 2282 1705 adhortationem,
2347 1630 2419 1687 ut
2485 1643 2633 1687 eum
2696 1625 2774 1687 ab

419 1735 520 1812 iis,
583 1752 747 1815 quae
808 1734 1020 1815 ipsum
1079 1733 1155 1795 de
1216 1733 1510 1795 fortunae
1569 1734 1850 1795 culmine
1918 1733 2305 1812 deiecerant,
2371 1740 2653 1794 servaret
2713 1737 2772 1792 et

420 1841 739 1902 retineret.
831 1840 1048 1922 Atque
1096 1840 1216 1902 hoc
1257 1859 1512 1922 quoque
1550 1841 1621 1901 in
1668 1841 1951 1902 carmine
2001 1840 2285 1902 dolorem
2334 1839 2523 1900 amici
2571 1840 2775 1900 maxi-

420 1966 633 2026 mum,
704 1965 851 2008 cum
900 1946 1103 2008 abiret
1148 1949 1219 2009 in
1267 1947 1554 2026 exilium,
1605 1947 1907 2023 describit
1977 1967 2034 2007 v.
2086 1948 2169 2009 37
2188 2014 2192 2021 ³
2220 1965 2394 2027 seqq.
2443 1950 2505 2007 et
2554 1945 2773 2007 laudat

424 2055 562 2116 eius
611 2072 851 2133 curam,
900 2073 1092 2134 quam
1141 2054 1332 2115 etiam
1379 2059 1536 2116 tunc
1583 2060 1891 2135 praestet:
2305 2127 2307 2129 ,

633 2158 866 2220 »Nunc
916 2179 1172 2241 quoque
1219 2166 1612 2222 summotum
1661 2161 1873 2239 studio
1917 2160 2206 2222 defendis
2254 2160 2530 2221 amicum

633 2265 717 2327 Et
762 2267 929 2327 mala
976 2267 1088 2327 vix
1138 2268 1270 2328 ulla
1317 2273 1495 2349 parte
1544 2267 1818 2329 levanda.
1863 2267 2083 2329 levas«
2128 2266 2210 2349 (1
2260 2269 2340 2328 41
2392 2268 2562 2347 seq).

601 2371 779 2447 Quae
826 2392 973 2434 611111
1021 2375 1111 2434 ita
1156 2375 1314 2454 sint,
1380 2373 1544 2437 hanc
1612 2374 1882 2457 elegiam
1943 2372 2102 2437 Caro
2164 2392 2295 2436 non
2357 2374 2575 2434 minus
2632 2378 2775 2454 apte

424 2480 868 2560 inscribenmS,
918 2500 1111 2561 quam
1157 2465 1530 2543 Tris'tium
1581 2481 1771 2564 eleg.
1820 2481 1877 2561 I,
1919 2486 1983 2545 19.

533 2583 539 2589 ’
603 2585 745 2649 Hoc
794 2587 964 2649 enim
1012 2588 1082 2648 in
1129 2589 1410 2650 carmine
1456 2593 1645 2671 poeta
1690 2594 1907 2651 noster
1962 2590 2164 2651 amico
2229 2588 2484 2650 cuidam
2542 2587 2774 2649 minori

430 2701 587 2757 natu
604 2697 648 2774 2)
719 2694 797 2756 de
846 2694 984 2755 eius
1039 2714 1427 2777 »processu«
1490 2696 1867 2778 gratulatur.
1962 2694 2100 2758 Sibi
2145 2696 2272 2757 iam
2335 2701 2522 2757 antea.
2577 2695 2777 2755 fuisse

427 2820 805 2882 persuasum
872 2802 1062 2863 amici
1128 2803 1467 2884 ingenium
1531 2822 1662 2865 non
1726 2822 1911 2885 posse
1979 2803 2368 2882 delitescere,
2429 2801 2542 2863 sed
2606 2800 2775 2883 apud

433 2908 731 2987 aequales
796 2927 1029 2989 magno
1095 2908 1388 2970 futurum
1454 2928 1593 2971 esse
1656 2911 1722 2971 in
1782 2910 2039 2972 honore.
2133 2910 2326 2971 Illum
2376 2913 2589 2971 autem
2635 2927 2777 2989 pro—

431 3031 682 3075 cessum
730 3013 1010 3075 sodalem
1060 3013 1342 3076 effecisse
1391 3014 1636 3077 artibus
1683 3017 1986 3098 ingenuis
2044 3021 2105 3077 et
2152 3016 2391 3078 severis
2440 3015 2780 3097 diligenter

432 3120 725 3200 excultis,
774 3121 1010 3202 quippe
1059 3120 1171 3201 qui
1217 3140 1469 3182 morum
1517 3123 1883 3203 integritate
1931 3128 1993 3185 et
2048 3123 2292 3204 ingenii
2347 3122 2779 3203 eloquentiae-

437 3245 562 3306 que
610 3226 799 3289 laude
845 3226 1084 3289 floreat.

605 3333 784 3396 »Sive
832 3333 1141 3416 aliquod«,
1188 3335 1416 3416 inquit,
1461 3354 1744 3397 »momm
1792 3355 1908 3397 seu
1954 3337 2122 3397 vitae
2168 3334 2312 3397 labe
2361 3335 2635 3396 carentis

609 3439 725 3502 Est
771 3442 1069 3522 pretium,
1117 3461 1304 3504 nemo
1352 3442 1557 3524 pluris
1609 3443 1919 3505 emendus
1968 3448 2117 3504 erat.

610 3545 758 3608 Sive
805 3566 919 3629 per
965 3548 1278 3630 ingenuas
1327 3548 1561 3629 aliquis
1611 3555 1802 3632 caput
1850 3549 2082 3612 extulit
2130 3555 2296 3611 artes
2345 3598 2357 3609 .
2407 3597 2419 3609 .
2469 3596 2481 3607 .
2532 3596 2544 3608 .

612 3650 950 3726 Quaelibet
997 3654 1254 3736 eloquio
1301 3654 1373 3718 fit
1419 3655 1588 3717 bona
1637 3661 2035 3718 causatum<

610 3757 769 3821 Fine
828 3766 1043 3822 autem
1096 3761 1291 3823 huius
1353 3762 1597 3844 elegiae
1647 3761 1919 3824 Ovidius
1982 3762 2060 3823 de
2108 3762 2296 3844 culpa
2344 3781 2461 3823 sua
2510 3761 2664 3822 dicit
2721 3766 2782 3822 et

439 3865 772 3928 confirmat
818 3887 1027 3930 mores
1075 3888 1226 3931 suos
1275 3867 1353 3930 ab
1396 3868 1669 3930 Artibus
1718 3868 1877 3944 illis,
1936 3887 2100 3950 quae
2162 3868 2284 3930 sibi
2345 3866 2525 3929 exilii
2589 3887 2781 3929 causa

437 3976 664 4049 essent,
702 3972 1104 4058 abstinuisse.
1171 3974 1510 4038 Praeterea
1546 3975 1709 4036 illud
1749 3995 1909 4057 opus
1948 3977 2074 4037 iam
2109 3976 2329 4037 multis
2369 3974 2557 4035 annis
2596 3979 2785 4036 antea

586 4234 620 4300 ¹)
660 4237 725 4289 cf.
765 4237 920 4289 Trist.
961 4237 1093 4306 eleg.
1133 4240 1174 4303 Ι,
1216 4243 1264 4303 9,
1305 4239 1369 4289 dc
1409 4256 1514 4306 qua
1551 4240 1729 4305 paullo
1768 4239 1907 4293 infra
1943 4240 2201 4292 (1166111113.

579 4323 620 4390 ”-’)
660 4341 785 4377 nam
823 4326 880 4377 id
918 4342 985 4377 ex
1024 4329 1135 4379 toto
1174 4327 1410 4380 carmine
1451 4333 1688 4394 apparet.
