3123 4869
1338 280 1772 339 „⁶21*

385 451 710 516 Maximus
740 452 963 536 '»puer«
1002 461 1062 517 et
1100 456 1391 517 »decens«
1430 457 1801 538 appelletur,
1842 463 1902 520 et
1941 458 2234 520 tirocinia
2268 478 2415 520 eum
2442 461 2734 541 posuisse

385 560 450 619 in
501 560 896 623 orationibus
942 561 1307 625 forensibus
1353 568 1539 644 poeta
1588 563 1787 643 dicat,
1850 583 1996 626 eum
2054 570 2190 626 tum
2238 566 2468 647 viginti
2532 587 2733 629 annos

383 672 607 728 natum
654 666 854 731 fuisse
900 666 1187 731 Kochius
1235 669 1491 732 iudicat.
1588 668 1707 732 Cui
1773 672 2132 733 sententiae¹
2173 677 2244 732 ut
2293 673 2734 747 assentiamur,

384 773 562 835 nullo
609 773 799 836 modo
847 781 1053 856 potest
1098 774 1256 838 fieri.
1347 775 1512 838 Nam
1561 783 1633 865 ut
1682 779 2048 840 omittamus
2097 796 2244 841 eum
2290 780 2519 861 viginti
2579 800 2735 861 qua·

383 884 530 941 tuor
593 899 797 943 annos
853 887 1079 943 natum
1138 884 1251 943 vix
1313 885 1599 965 potuisse
1662 885 1791 945 iam
1852 885 2256 946 consulatum
2305 885 2602 968 adipisci,
2651 923 2732 930 —

385 986 554 1067 quod
594 1006 763 1049 anno
801 1008 863 1051 ιι.
903 1007 952 1050 0.
997 991 1121 1051 743
1160 989 1400 1051 factum
1449 1009 1588 1053 esse
1633 991 1849 1073 paullo
1897 991 2060 1053 infra
2108 991 2470 1054 videbimus
2510 1028 2592 1036 —-
2631 994 2732 1054 1·οΙ

384 1111 476 1172 00,
527 1094 697 1176 quod
744 1101 927 1177 pater
964 1097 1103 1158 eius
1152 1116 1319 1159 anno
1366 1118 1427 1158 ιι.
1469 1117 1518 1159 e.
1566 1098 1690 1160 709
1739 1103 2031 1160 mortuus
2080 1104 2174 1160 est
2222 1098 2495 1180 aliisque
2542 1099 2735 1161 rebus

381 1201 561 1262 velut
609 1221 807 1281 311110,
858 1223 984 1284 quo
1032 1203 1281 1285 legatus
1331 1203 1620 1266 Caesaris
1665 1205 1819 1279 fuit,
1865 1205 1974 1267 illa
2024 1206 2336 1267 sententia
2402 1205 2733 1268 refutatur.

382 1306 588 1369 Innno
636 1308 996 1372 Maximum
1045 1330 1213 1372 anno
1263 1332 1315 1373 a.
1366 1310 1507 1372 Chr.
1563 1314 1642 1373 15
1693 1312 2254 1394 quadragesimum
2309 1312 2443 1374 fere
2491 1331 2730 1374 3111111111

384 1415 591 1496 egisse
637 1415 824 1478 nobis
873 1423 968 1480 est
1004 1418 1363 1499 putandum
1385 1420 1449 1497 1).
1545 1416 1714 1492 Quid
1763 1419 1933 1481 enim
1981 1418 2167 1501 cogit,
2214 1424 2284 1480 ut
2332 1437 2479 1480 011111
2531 1419 2734 1481 11111110

382 1522 582 1603 prius,
632 1542 824 1604 quam
872 1525 1030 1586 alios
1079 1525 1379 1605 aequales
1418 1526 1827 1607 magistratus
1875 1526 2019 1587 illos
2068 1525 2368 1607 adeptum
2417 1526 2556 1588 esse
2589 1544 2736 1588 cen-

384 1645 667 1694 seamus,
732 1630 901 1711 quod
964 1632 1074 1693 illo
1139 1638 1423 1714 tempore
1484 1638 1594 1694 aut
1651 1651 1985 1713 nunqua-m
2048 1638 2159 1695 aut
2222 1633 2546 1694 rarissime
2607 1633 2735 1694 fac-

386 1739 523 1796 tum
573 1742 667 1797 est
688 1737 717 1797 P

533 1911 572 1976 ¹)
613 1910 763 1976 Quae
799 1929 885 1965 res
924 1930 1029 1966 non
1068 1915 1209 1983 fugit
1246 1914 1528 1983 plerosque
1566 1914 1781 1968 Horatii
1821 1914 2070 1981 editores,
2119 1915 2212 1983 qui
2251 1914 2394 1966 111101·
2429 1930 2487 1967 80
2525 1915 2735 1968 dissen-

387 1998 551 2058 tiunt,
591 2002 775 2053 utrum
811 2001 905 2054 illo
944 2002 1252 2055 Carminum
1293 2003 1409 2057 1000
1444 2002 1671 2056 Paullus
1721 2003 1921 2057 Fabius
1958 2003 2234 2057 Maximus
2273 2019 2378 2057 008.
2419 2003 2546 2065 anni
2596 2021 2648 2056 u.
2689 2022 2733 2057 0.

388 2091 492 2141 743
510 2086 909 2158 intellegendus
935 2091 1024 2158 sit,
1045 2107 1231 2145 necne.
1281 2092 1441 2145 Illam
1466 2092 1791 2146 sententiani
1818 2092 2044 2160 probant
2067 2092 2408 2146 Nauckius
2435 2096 2490 2146 et
2516 2091 2732 2147 Obba·

388 2176 443 2228 ri
460 2193 554 2243 us,
593 2194 822 2245 quorum
858 2180 947 2233 1110
974 2184 1159 2233 censet
1186 2181 1386 2249 optime
1412 2182 1655 2250 potuisse
1682 2181 1749 2235 ab
1773 2181 1998 2235 Horatio
2022 2180 2327 2234 Maximum
2354 2182 2464 2235 (1101
2488 2199 2733 2250 puerum,

389 2282 513 2318 eum
552 2267 767 2335 saepius
804 2268 1051 2322 homines
1078 2273 1315 2324 aetatem
1341 2271 1542 2340 viginti
1581 2276 1844 2324 annorum
1882 2286 2123 2340 egressos
2160 2286 2352 2339 pueros
2378 2271 2735 2338 appellentur,

390 2355 544 2408 velut
579 2357 721 2424 apud
754 2357 921 2411 Cicer.
968 2359 1033 2412 ad
1071 2359 1240 2412 famil.
1269 2360 1341 2427 X,
1382 2364 1450 2414 28
1489 2359 1621 2413 dici:
1659 2360 1933 2429 »egregius
1970 2376 2107 2428 puer
2131 2360 2353 2413 Caesar«
2389 2359 2478 2412 vel
2501 2360 2634 2414 ibid.
2661 2360 2732 2427 X,

391 2448 448 2498 7:
487 2448 577 2498 »01
614 2447 1016 2502 adulescentem
1062 2449 1151 2502 vel
1187 2467 1416 2518 puerum
1460 2450 1644 2518 potius
1682 2450 1964 2503 Caesarem
2000 2449 2210 2502 iudices
2259 2452 2459 2502 temere
2513 2450 2734 2503 fecisse«

391 2527 620 2603 aliisque
674 2536 824 2590 10018.
917 2537 1021 2591 Per
1057 2538 1238 2592 iocum
1277 2543 1460 2593 autem
1506 2538 1798 2593 Horatium
1846 2555 1979 2593 voce
2029 2555 2231 2606 »puer«
2276 2554 2396 2591 esse
2432 2555 2612 2603 usum,
2670 2543 2734 2592 ut

390 2624 718 2693 significaret
754 2625 1008 2680 Paullum
1034 2627 1338 2681 Maximum
1375 2628 1611 2682 libenter
1633 2644 1863 2696 puerum
1902 2644 2076 2697 agere.
2135 2630 2398 2681 Attamen·
2420 2628 2516 2680 vix
2541 2645 2731 2695 possu-

390 2728 511 2765 mus
535 2714 758 2780 probare
786 2715 1010 2770 Obbarii
1037 2718 1382 2784 sententiam,
1422 2718 1564 2785 quod
1592 2721 1726 2784 tum,
1766 2733 1892 2771 011111
1914 2718 2099 2771 Cicero
2126 2716 2387 2784 epistulas
2412 2716 2535 2770 illas
2561 2717 2732 2784 scrip-

388 2801 463 2853 sit
514 2809 674 2870 (anno
724 2820 769 2857 a.
810 2805 931 2859 Chr.
981 2807 1096 2873 43),
1148 2806 1503 2860 Octavianus¹
1537 2823 1728 2861 revera
1775 2807 1885 2876 egit
1929 2823 2130 2860 annum
2179 2806 2504 2859 vicesimum
2551 2807 2734 2873 itaque

389 2893 513 2957 apte
550 2908 686 2959 puer
723 2894 978 2962 appellari
1016 2895 1209 2962 potuit.
1284 2896 1571 2949 Praeterea
1616 2914 1666 2949 v.
1707 2901 1740 2949 8
1778 2895 1995 2949 iuvenis
2031 2895 2310 2949 Maximus
2345 2894 2570 2948 Horatio
2617 2896 2734 2948 seni

388 2978 469 3032 ita
506 2982 795 3048 opponitur
832 2986 1049 3051 totoque
1089 2985 1323 3038 carmine
1362 2985 1695 3053 depingitur,
1749 2987 1812 3037 ut
1849 2985 1940 3052 qui
1998 2984 2182 3037 studia
2228 2984 2516 3037 admodum
2580 2984 2732 3037 iuve-

387 3067 523 3121 nilia
560 3074 930 3138 consectetur,
981 3075 1044 3125 ut
1081 3073 1168 3126 his
1205 3074 1261 3125 in
1306 3074 1488 3126 verbis
1535 3074 1715 3127 iocum
1752 3074 1930 3126 inesse
1974 3090 2078 3126 non
2131 3073 2384 3126 videatur
2419 3073 2739 3127 verisimile,

389 3155 537 3221 Quae
577 3160 807 3214 011111113
847 3161 972 3228 81111,
1012 3162 1187 3230 magis
1226 3163 1380 3216 nobis
1418 3162 1620 3215 arridet
1655 3162 1726 3228 id.
1767 3162 1907 3230 quod
1929 3160 2244 3215 Orellius
2282 3162 2483 3229 aliique
2519 3164 2732 3229 putant.

387 3247 668 3300 consulem
695 3250 822 3302 anni
863 3255 966 3305 743
1003 3267 1107 3304 11011
1145 3250 1355 3305 laudari
1394 3251 1459 3305 ab
1497 3250 1739 3305 Horatio.
1805 3249 1907 3304 Sed
1947 3251 2099 3303 illuni
2147 3251 2320 3303 filiuni
2358 3250 2538 3303 Paulli
2576 3249 2732 3303 Fabii

386 3333 614 3389 Maximi
642 3339 881 3394 consulis
908 3340 1035 3393 anni
1062 3357 1112 3394 u.
1142 3358 1186 3394 0.
1217 3345 1319 3395 743
1356 3341 1524 3394 fuisse
1550 3340 1826 3408 probabile
1853 3342 1936 3392 est
1973 3340 2309 3407 eundemque
2334 3339 2531 3404 virum,
2571 3356 2733 3406 quem

385 3423 746 3479 Fabianum
766 3428 1123 3483 Maximum
1148 3461 1213 3468 —
1242 3447 1416 3485 errore
1442 3430 1499 3482 in
1525 3429 1717 3498 Pauly.
1740 3428 1946 3497 encycl.
1964 3427 1999 3480 1.
2022 3446 2066 3482 0.
2095 3428 2355 3496 scriptum
2383 3431 2468 3481 est
2503 3428 2731 3490 »Fabius

385 3511 704 3576 Maximus«,
743 3534 866 3571 nam
894 3519 1084 3587 optimi
1112 3520 1325 3573 codices
1348 3519 1443 3573 illo
1467 3518 1601 3576 1000,
1641 3520 1706 3571 (10
1733 3534 1837 3586 quo
1863 3518 2056 3571 statim
2092 3517 2439 3582 disseremuS,
2477 3517 2735 3586 praebent

386 3603 710 3659 »Fabianus«
750 3638 816 3645 —
855 3608 921 3660 de
960 3625 1064 3677 quo
1101 3607 1303 3662 Seneca
1343 3608 1476 3661 dicit
1511 3608 1571 3660 in
1609 3608 1856 3662 Controv.
1894 3607 1937 3674 I,
1981 3611 2073 3659 12:
2119 3605 2418 3660 »Fabianus
2456 3606 2733 3659 Maximus

387 3694 759 3748 nobilissimus
797 3694 1027 3764 vir'fuit,
1067 3696 1161 3765 qui
1187 3697 1396 3764 primus
1432 3698 1544 3750 foro
1569 3696 1807 3750 Romano
1843 3696 1989 3749 hunc
2015 3695 2288 3749 vomicuni
2325 3695 2589 3761 morbum,
2628 3712 2733 3762 quo

386 3798 530 3835 nunc
567 3783 791 3851 laborat,
831 3785 1037 3850 intulit,
1066 3787 1132 3839 de
1157 3802 1263 3854 quo
1289 3785 1522 3840 Severus
1550 3786 1786 3840 Cassius
1826 3787 2117 3853 antequam
2155 3784 2222 3838 ab
2248 3783 2342 3837 illo
2377 3800 2504 3836 reus
2544 3800 2729 3852 agere-

388 3874 493 3939 tur,
532 3873 772 3927 dixerat:
815 3873 1021 3940 ‚»Quasi
1061 3875 1299 3928 disertus
1336 3891 1411 3942 eS,
1450 3875 1608 3943 quasi
1646 3875 1911 3928 formosus
1949 3889 2023 3940 eS,
2062 3875 2220 3941 quasi
2257 3873 2411 3925 dives
2449 3888 2523 3938 08,
2562 3888 2733 3924 unum

388 3964 600 4015 tantum
638 3980 743 4017 non
777 3981 835 4018 es
873 3966 1046 4033 quasi,
1086 3981 1301 4033 vappa«.
1377 3964 1517 4018 Sane
1556 3980 1645 4029 ea,
1685 3979 1824 4031 quac
1861 3962 2065 4016 Seneca
2101 3963 2167 4015 de
2196 3961 2507 4028 nobilitate,
2545 3961 2731 4026 forma,

387 4049 613 4105 divitiis.
653 4052 978 4121 eloquentia,
1018 4054 1390 4122 voluptatibus
1428 4054 1573 4106 dixit
1610 4069 1736 4107 cum
1772 4051 2089 4107 Horatianis
2129 4050 2367 4119 apprime
2407 4051 2729 4114 concinunt3

387 4141 649 4193 Cassium
675 4145 855 4195 autem
898 4160 1041 4198 more
1079 4160 1177 4197 suo
1217 4144 1402 4212 inique
1441 4143 1506 4196 de
1545 4141 1852 4196 adversario
1891 4140 2189 4206 iudicasse,
2240 4138 2528 4192 Horatium
2555 4138 2730 4191 bene-

391 4230 507 4283 vole
545 4233 609 4285 de
647 4232 846 4285 studiis
885 4235 940 4285 et
976 4233 1257 4301 splendida
1295 4233 1413 4286 vita
1432 4231 1653 4301 juvenis
1691 4229 1958 4300 ingeniosi
1995 4228 2239 4282 locutum
2266 4242 2384 4279 esse
2421 4227 2580 4281 facile
2606 4245 2731 4280 con·

388 4322 654 4374 cedemus.
731 4320 931 4374 Fuisse·
959 4322 1124 4390 igitur
1158 4321 1347 4375 Paullo
1381 4321 1548 4375 Fabio
1583 4319 1825 4372 Maximo
1864 4319 1997 4372 duos
2033 4317 2170 4372 filios
2208 4315 2399 4370 statim
2436 4316 2732 4384 apparebit.
