3123 4869
1335 294 1770 356 -49-.-

370 472 813 553 relinquimus,
894 474 1059 535 Sunt
1097 473 1268 535 enim
1316 474 1396 535 iis
1444 474 1618 551 locis,
1667 472 1778 534 ubi
1825 482 2011 555 poeta
2059 473 2136 534 de
2184 474 2558 536 condicione
2598 495 2716 537 sua

373 588 435 642 et
483 580 561 642 de
600 580 833 657 studiis
870 581 1004 642 suis
1045 580 1216 660 dicit,
1253 581 1420 642 inter
1457 600 1524 642 89
1565 580 1736 642 haud
1776 580 2115 642 dissimilia
2151 588 2343 663 atque
2381 583 2450 643 in
2490 582 2713 644 eadem

369 706 438 749 re
487 708 636 749 cum
695 687 944 769 epistul.
994 706 1076 749 ex
1123 686 1330 749 Ponto
1377 686 1446 767 I,
1495 690 1533 748 5
1584 687 1663 749 ad
1712 685 1958 749 Cottam
2008 686 2430 751 Messalinum
2479 691 2715 772 scripta

370 795 782 857 conveniunt.
885 793 1064 856 Haec
1123 799 1336 856 tamen
1397 813 1500 856 res
1559 794 1827 856 minime
1873 813 1991 856 nos
2038 800 2245 876 potest
2292 815 2713 877 commovere,

368 908 442 965 ut
490 903 566 965 de
614 902 837 966 eodem
878 903 1017 963 viro
1065 903 1134 963 in
1170 901 1301 964 illis
1340 901 1733 963 carminibus
1780 902 2151 983 cogitemus,
2199 921 2346 965 cum
2386 905 2521 985 ipse
2562 902 2713 965 Ovi-

369 1009 515 1073 dius
564 1011 741 1092 epist.
791 1028 873 1071 ex
921 1007 1127 1071 Ponto
1174 1007 1293 1087 III,
1342 1011 1381 1071 9
1428 1029 1485 1069 v.
1536 1010 1621 1070 39
1669 1027 1842 1090 seqq.
1890 1008 2289 1090 profiteatur:

579 1170 771 1233 »Cum
817 1172 1052 1233 totiens
1100 1169 1324 1232 eadem
1372 1171 1600 1249 dicam,
1647 1171 1760 1231 vix
1807 1169 2036 1232 audior
2081 1169 2237 1232 ulli:

581 1277 925 1361 Verbaque
970 1277 1260 1361 profectu
1313 1276 1713 1339 dissimulata
1762 1283 1996 1339 carent.

579 1385 662 1448 Et
707 1391 921 1448 tamen
971 1385 1127 1447 haec
1174 1385 1397 1447 eadem
1445 1403 1594 1446 cum
1641 1385 1786 1463 sint,
1834 1403 1963 1446 non
2011 1385 2352 1448 scribimus
2399 1385 2603 1449 isdem

580 1493 854 1575 Unaque
901 1511 1015 1575 per
1059 1493 1276 1576 plures
1324 1511 1453 1553 vox
1499 1509 1643 1553 mea
1689 1495 2157 1574 temptatopem.

577 1601 703 1679 An,
750 1619 833 1661 ne
879 1599 979 1661 bis
1027 1618 1288 1662 sensum
1333 1599 1534 1661 lector
1579 1599 1886 1681 reperiret
1933 1598 2225 1678 eundem,

580 1706 767 1770 Unus
815 1709 1186 1787 amicorum,
1232 1706 1450 1786 Brute,
1497 1706 1821 1788 rogandus
1869 1706 2097 1768 eratP«

362 1871 463 1932 Ac
521 1888 602 1932 ne
662 1867 908 1932 Kochio
968 1868 1228 1950 quidem
1295 1869 1712 1947 assentimur,
1780 1869 1890 1949 qui
1951 1867 1990 1928 l.
2040 1867 2076 1929 1.
2141 1888 2280 1951 pag.
2335 1869 2415 1930 10
2474 1865 2710 1931 Rufino

361 1975 544 2038 Trist.
603 1976 760 2059 eleg.
819 1975 897 2055 V,
961 1979 1040 2037 12
1100 1959 1580 2037 inscribendam
1653 1974 1861 2036 videri
1940 1981 2170 2038 censet.
2289 1972 2471 2037 Certe
2539 1976 2711 2038 enim

365 2084 784 2166 diligentiam,
834 2104 961 2165 qua
999 2081 1271 2144 Ovidius
1317 2084 1386 2143 in
1433 2082 1552 2143 hac
1601 2081 1806 2164 elegia
1852 2083 2211 2144 carminum
2252 2101 2517 2144 suorum
2556 2102 2710 2166 neg-

362 2191 709 2273 legentiam
768 2208 1079 2252 excusare
1127 2189 1406 2268 studeat,
1467 2208 1595 2249 non
1648 2189 2028 2252 dissimilem
2088 2208 2226 2251 9889
2288 2190 2708 2270 epistularum

365 2318 448 2360 ex
494 2297 700 2360 Ponto
748 2296 812 2374 I,
880 2299 916 2359 3
983 2295 1167 2376 (falso
1234 2296 1368 2358 illic
1424 2297 1715 2379 legemus
1768 2295 1831 2375 Ι,
1889 2294 1956 2377 4)
2005 2302 2066 2359 et
2112 2295 2244 2375 III,
2310 2292 2364 2358 4
2396 2297 2598 2359 indoli
2649 2303 2710 2360 et

362 2406 642 2488 ingenio
736 2403 1115 2468 Invenimus
1154 2409 1367 2467 tamen
1415 2404 1536 2466 hoc
1582 2404 1652 2465 in
1692 2403 1981 2486 epistulis
2030 2403 2111 2466 ad
2147 2401 2458 2468 Rufinum
2505 2405 2707 2468 multo

363 2514 598 2590 minus,
661 2532 852 2593 quam
899 2513 967 2573 in
1016 2511 1145 2573 illis
1194 2512 1273 2573 ad
1320 2511 1599 2574 Brutum
1646 2512 1878 2590 missiS‚
1928 2511 2006 2574 de
2054 2511 2291 2593 quibus
2337 2513 2465 2574 iam
2514 2532 2708 2595 supra

365 2620 667 2682 diximus.
759 2616 937 2681 Haec
985 2624 1229 2698 autem,
1288 2637 1451 2701 quae
1517 2623 1736 2681 noster
1780 2620 1849 2680 in
1899 2618 2123 2702 elegiis
2172 2617 2248 2698 V,
2300 2622 2335 2680 7
2388 2624 2449 2681 et
2497 2617 2574 2699 V,
2627 2622 2706 2682 12

365 2726 538 2806 dicit,
587 2746 739 2788 sane
788 2725 867 2787 ad
915 2745 1135 2788 omnes
1183 2727 1422 2789 amicos
1471 2725 1749 2789 scribere
1796 2726 2036 2808 potuit,
2085 2732 2399 2807 quantum
2448 2726 2707 2808 quidem

364 2853 480 2895 nos
526 2823 841 2896 videmus.
934 2832 1012 2894 In
1061 2832 1258 2895 altero
1309 2836 1481 2895 enim
1529 2834 1811 2896 carmine
1858 2832 1963 2916 (V,
2014 2834 2077 2916 7)
2123 2834 2464 2917 respondet
2502 2834 2707 2895 amico

367 2941 639 3020 cuidam,
688 2941 800 3022 qui
849 2942 907 3002 ei
947 2939 1163 3002 Ovidii
1212 2941 1496 3002 carmina
1531 2938 1772 3003 Romae
1819 2942 2053 3024 plausu
2093 2946 2154 3003 et
2200 2940 2505 3003 laudibus
2544 2940 2708 3003 elata

367 3066 504 3110 9889
567 3049 971 3110 nuntiaverat
1033 3047 1425 3128 exponitque
1490 3049 1602 3128 qui
1648 3043 1796 3127 fiat]
1848 3053 1947 3127 ut,
2012 3068 2403 3130 quamquam
2451 3067 2581 3110 non
2628 3049 2708 3110 sit

364 3155 604 3238 gloriae
653 3154 959 3238 cupiduS,
1006 3158 1220 3216 tamen
1269 3152 1408 3215 loco
1456 3160 1586 3216 tam
1645 3175 1866 3237 aspero
1917 3161 1979 3218 et
2024 3157 2193 3217 inter
2239 3155 2530 3218 homines
2578 3162 2707 3217 tam

365 3262 532 3325 feros
595 3268 656 3324 et
709 3261 988 3325 incultos
1051 3263 1242 3323 etiam
1299 3263 1583 3323 carmina
1650 3270 2002 3345 componat.
2105 3262 2187 3324 In
2248 3262 2445 3325 altera
2492 3268 2707 3325 autem

367 3368 571 3452 elegia
619 3368 720 3450 (V,
765 3371 869 3448 12)
910 3370 1187 3432 amicum
1227 3370 1595 3451 alloquitur,
1644 3371 1756 3453 qui
1796 3388 1961 3450 eum,
2010 3376 2082 3431 ut
2118 3368 2513 3432 lacrimabile
2549 3376 2708 3432 tem-

363 3497 484 3559 pus
560 3477 741 3539 exilii
808 3476 1018 3538 studio
1101 3477 1477 3558 oblectaret,
1559 3478 1626 3539 in
1710 3478 1999 3561 epistulis
2067 3478 2200 3539 suis
2276 3477 2706 3540 admonuerat.

363 3582 711 3658 Profitetur
757 3589 970 3646 autem
1034 3585 1410 3666 »ingenium
1459 3604 1648 3648 suum
1697 3587 1891 3668 longa
1937 3584 2236 3667 rubigine
2283 3585 2530 3646 laesum
2578 3590 2703 3647 tor-

363 3710 550 3773 pere«
609 3697 670 3753 et
716 3690 903 3753 valde
951 3709 1090 3754 9889
1139 3692 1556 3756 deminutum.
1651 3692 1880 3774 Itaque
1944 3693 2230 3754 carmina
2277 3711 2535 3774 quoque
2594 3691 2707 3753 illo

361 3797 501 3860 loco
543 3803 604 3860 et
643 3804 926 3880 tempore
965 3798 1146 3862 exilii
1185 3800 1533 3882 composita
1578 3801 1759 3884 parvi
1809 3818 1945 3862 9889
1994 3800 2404 3863 aestimanda.
2473 3798 2708 3874 Quam-

365 3925 559 3986 quam
596 3924 746 3967 vero
795 3925 982 3968 nemo
1029 3907 1164 3969 illic
1221 3907 1329 3987 sit,
1377 3908 1482 3970 cui
1540 3909 1776 3991 scripta
1823 3927 1938 3969 sua
1984 3908 2195 3991 legere
2243 3908 2468 3989 possit,
2517 3913 2707 3990 atque

363 4014 655 4092 linguam
710 4014 1124 4076 vernaculam
1187 4014 1570 4077 dedidicisse
1632 4014 1754 4078 sibi
1811 4014 2136 4095 videatur,
2181 4020 2397 4078 tamen
2454 4035 2522 4079 se
2578 4035 2707 4077 non

364 4138 550 4201 posse
596 4118 876 4200 retineri,
926 4122 1083 4203 quin
1131 4121 1323 4184 etiam
1369 4123 1435 4184 in
1476 4124 1672 4185 exilio
1722 4124 2007 4185 carmina
2053 4127 2404 4205 componat.
2693 4198 2698 4206 1

546 4225 855 4290 Videmus
900 4230 1101 4311 igitur
1146 4249 1297 4292 sane
1345 4232 1555 4294 inesse
1603 4233 1670 4293 in
1719 4232 1819 4293 his
1866 4230 2261 4293 carminibus
2299 4228 2708 4311 significatio·

364 4355 497 4417 neS,
537 4354 695 4417 quas
732 4341 869 4399 tum
905 4335 1121 4399 Ovidii
1159 4337 1345 4400 amici
1383 4336 1624 4403 Romae
1660 4339 2033 4421 intellegere
2071 4342 2434 4420 potuerunt,
2473 4323 2709 4419 quibus

2250 4447 2281 4497 4
