3123 4869
620 443 797 505 [Haec
844 443 1030 505 nobis
1079 451 1229 505 sunt
1277 444 1508 505 tradita
1557 443 1637 505 de
1684 444 1828 506 Sex.
1879 444 2138 537 Pompei
2191 447 2322 506 vita.
2382 452 2443 507 et
2489 436 2794 509 moribus

439 549 586 610 Jam
648 550 1003 630 videamus,
1066 570 1379 632 quaenam
1443 549 1746 613 Tristium
1810 552 2053 633 elegiae
2115 551 2266 614 111110
2324 551 2536 614 Ovidii
2589 555 2795 616 amico

439 662 582 737 apte
630 656 827 718 tribui
874 657 1229 719 videantur.

616 763 715 825 Ac
747 765 1026 846 primum
1059 764 1322 846 quidem
1358 763 1628 825 dubium
1659 764 1770 824 vix
1807 772 1918 832 est,
1959 767 2113 846 quin
2159 767 2215 827 ei
2262 764 2562 828 Tristium
2604 767 2790 848 eleg.
2869 794 2889 815 ·

437 869 515 937 V,
564 872 602 932 9
653 872 734 932 sit
782 870 1192 933 inscribenda
1210 870 1270 947 ¹).

612 975 780 1039 Nam
826 979 945 1039 1100
996 998 1254 1060 quoque
1302 980 1366 1039 in
1433 980 1714 1040 carmine
1777 985 1962 1060 poeta
2020 980 2245 1058 vitain,
2308 999 2499 1060 quam
2563 980 2795 1043 Caesar

436 1083 558 1145 sibi
609 1084 873 1164 dederit,
936 1087 1123 1148 amici
1185 1105 1373 1166 opera
1430 1092 1752 1147 servatam
1787 1066 1946 1148 'esse
1995 1091 2187 1167 atque
2236 1087 2429 1148 etiam
2474 1092 2611 1147 tuln
2661 1106 2793 1149 ser-

436 1191 570 1251 vari
619 1192 953 1273 profitetur
998 1213 1053 1253 v,
1113 1197 1183 1254 11
1240 1212 1444 1275 seqq.:

647 1296 964 1360 »Caesaris
1013 1306 1106 1360 est
1153 1301 1430 1381 primum
1479 1318 1735 1377 munuS,
1786 1298 1956 1380 quod
2007 1299 2304 1361 ducimus
2352 1319 2570 1361 auras:

651 1407 870 1467 (iratia
916 1413 1057 1488 post
1102 1426 1368 1489 magnos
1418 1413 1511 1468 est
1561 1405 1675 1467 tibi
1725 1406 2021 1468 habenda
2070 1406 2236 1467 deos.

648 1511 764 1574 llle
814 1511 989 1574 dedit
1039 1515 1249 1574 vitain.
1341 1512 1453 1593 Tu,
1503 1533 1696 1595 quam
1746 1513 1920 1575 dedit
1966 1513 2093 1591 ille,
2142 1514 2357 1577 tueris.

647 1617 729 1679 Et
774 1618 931 1680 facis
980 1628 1238 1701 accepto
1287 1638 1553 1681 munere
1601 1639 1786 1701 posse
1831 1618 2007 1681 frui«

612 1724 826 1798 Quid?
911 1727 1018 1787 isti
1108 1746 1328 1787 versus
1396 1746 1609 1788 nonne
1675 1727 1922 1808 optime
1978 1728 2372 1789 conveniunt.
2457 1745 2605 1788 cum
2687 1727 2787 1806 iis,

437 1850 603 1912 quae
643 1830 915 1893 Ovidius
966 1833 1043 1894 de
1091 1833 1355 1914 Pompei
1406 1853 1557 1916 erga
1605 1853 1672 1895 se
1710 1834 1952 1895 meritis
2002 1835 2066 1894 in
2118 1834 2409 1915 epistulis
2458 1852 2540 1894 ex
2578 1831 2786 1894 Ponto

430 1939 643 1999 missis
707 1938 906 2000 dicit?
1016 1939 1247 2002 Nonne
1312 1960 1573 2023 prorsus
1636 1941 1941 2022 cogimur,
2003 1946 2075 2002 ut
2136 1940 2214 2002 de
2261 1941 2380 2001 hoc
2429 1941 2565 2000 viro
2614 1941 2786 2022 cogi-

429 2053 655 2125 temuS,
702 2046 755 2105 si
804 2046 979 2108 illius
1029 2047 1148 2108 loci
1199 2049 1608 2110 meminimus
1658 2068 1848 2130 supra
1897 2047 2165 2109 laudati:

794 2152 1003 2215 »Vivit
1052 2154 1260 2216 adhuc
1312 2156 1637 2236 vitamque
1686 2154 1802 2216 tibi
1853 2152 2084 2216 debere
2130 2153 2382 2233 fatetur,

796 2258 1001 2333 Quam
1048 2262 1226 2342 prius
1275 2282 1307 2322 a
1356 2262 1496 2323 miti
1546 2260 1813 2324 Caesare
1861 2280 2098 2322 munus
2145 2259 2382 2322 habet«

427 2367 531 2426 vel
578 2367 644 2425 in
695 2385 787 2448 ep.
839 2386 919 2427 ex
968 2367 1172 2429 Ponto
1221 2364 1334 2449 IV,
1389 2373 1416 2430 1
1471 2389 1526 2429 v,
1585 2372 1614 2429 1
1670 2388 1831 2451 seq:

793 2475 1081 2557 »Accipe,
1128 2462 1411 2558 Pompei,
1460 2476 1805 2538 deductum
1858 2485 2111 2539 carmen
2162 2475 2239 2537 ab
2287 2475 2418 2553 illo,

794 2579 1060 2654 Debitor
1107 2589 1200 2645 est
1252 2583 1417 2644 vitae
1467 2584 1580 2664 qui
1627 2582 1764 2663 tibi,
1811 2586 2021 2662 Sexte,
2071 2601 2252 2645 suae«

429 2686 832 2768 aliorumque
893 2688 1224 2749 locorum?
1333 2689 1672 2752 Praeterea
1736 2696 1948 2751 31110111
1997 2696 2212 2751 nostra
2262 2688 2462 2771 elegia
2513 2689 2782 2751 eandem

426 2953 640 3005 nomine
666 2953 887 3021 Pompei
898 2977 930 3018 τε,
981 2954 1230 3006 Muretus
1258 2955 1349 3007 1110
1377 2956 1612 3008 Senecae
1633 2956 1746 3007 leco
1764 2956 1998 3008 correxit
2018 2975 2045 3006 0
2072 2956 2393 3023 »Ponipcio÷÷,
2419 2954 2783 3006 »Ptolemaeo«

431 3042 805 3110 intellexitque
865 3043 1041 3097 Jubae
1102 3044 1305 3109 filium,
1371 3044 1639 3098 Catilinae
1701 3045 2111 3109 consobrinum,
2189 3059 2352 3111 quam
2414 3042 2779 3095 coniecturam

425 3132 737 3200 Nipperdey
774 3133 841 3186 ad
879 3133 1046 3186 Tacit.
1074 3137 1136 3187 A.
1171 3134 1267 3199 1Π,
1303 3140 1359 3187 11
1398 3151 1698 3201 omnesque
1736 3135 1970 3187 editores
2007 3134 2334 3187 recentiores
2373 3132 2615 3199 probant.
2678 3130 2776 3182 Cui

426 3221 729 3275 sententiae
767 3239 875 3275 non
913 3224 1213 3275 assentitur
1248 3224 1490 3277 Kochius
1528 3225 1565 3277 1.
1605 3224 1638 3276 l.
1671 3240 1798 3292 pag.
1838 3227 1923 3276 25.
1976 3223 2070 3289 qui
2108 3221 2280 3276 Taciti
2327 3221 2491 3275 verba
2529 3220 2779 3286 corrupta

426 3327 543 3363 esse
582 3315 769 3365 censet
806 3315 861 3364 et
898 3312 1130 3365 Senecae
1175 3313 1466 3381 (ζὴ-1111111110
1512 3314 1695 3366 verbis
1734 3315 2035 3365 commotus
2065 3327 2167 3378 pro
2204 3310 2588 3363 »restaurando
2626 3308 2777 3361 suffi-

426 3402 596 3451 ceret«
647 3400 737 3453 vel
786 3404 1229 3454 :>1·esta1u·anduln
1267 3403 1595 3469 susciperet«
1651 3400 1736 3475 vel
1772 3400 2151 3454 »restaurando
2190 3399 2529 3452 succederet«
2566 3396 2781 3450 mavult

425 3488 607 3541 scribi.
682 3489 873 3556 Neque
929 3497 1109 3543 tamen
1157 3493 1316 3545 recte.
1366 3487 1534 3543 'Nam
1586 3490 1680 3543 illo
1720 3492 1952 3543 Senecae
2003 3490 2119 3543 1000
2171 3489 2257 3540 vir
2309 3489 2777 3553 commemoratur,

425 3594 531 3644 quo
568 3594 726 3630 nemo
752 3582 869 3630 tum
896 3580 999 3630 fuit
1025 3580 1262 3632 divitior.
1326 3579 1645 3646 Pompeium
1675 3584 1858 3632 autem
1885 3578 2097 3632 divitiis
2137 3580 2261 3631 ante
2300 3593 2485 3630 omnes
2524 3575 2779 3643 aequales

424 3666 749 3719 excelluisse
788 3685 893 3720 11011
927 3686 1214 3735 possumus
1253 3686 1319 3721 ex
1360 3668 1544 3721 Ovidii
1584 3669 1766 3721 verbis
1806 3667 2140 3720 concludere.
2206 3667 2396 3734 Neque
2435 3666 2582 3717 enim
2617 3664 2775 3717 dubi-

425 3756 648 3808 tandum
680 3761 779 3822 est,
820 3758 953 3825 quin
978 3758 1139 3810 multi
1165 3758 1528 3811 Romanorum
1555 3758 1819 3810 nobilium
1854 3758 1911 3808 in
1937 3756 2232 3824 provinciis
2258 3756 2399 3809 bona
2423 3754 2775 3822 possederint.

423 3845 493 3897 Et
526 3862 630 3897 cur
664 3862 769 3899 11011
808 3848 883 3899 sit
921 3848 1179 3900 credibile
1220 3864 1284 3899 ne
1324 3851 1478 3901 tanta
1527 3848 1749 3915 quidem
1776 3847 1917 3899 bona
1953 3846 2020 3898 ad
2046 3845 2321 3898 theatrum
2358 3843 2777 3897 restaurandum

424 3935 742 3987 suffecisse?
798 3935 966 3989 Recte
1004 3937 1461 4005 Waddingtonius
1515 3953 1728 4004 quoque
1775 3934 1808 3987 1.
1849 3935 1884 3988 l.
1925 3936 1990 3987 de
2036 3935 2140 3988 hac
2179 3935 2448 4002 scriptura
2494 3933 2653 3985 dicit:
2705 3931 2776 3983 »11
2831 3995 2834 3996 7

424 4027 508 4075 est
546 4025 755 4077 certain
792 4041 858 4077 en
886 4026 1030 4092 effet,
1071 4043 1174 4095 que
1199 4026 1278 4080 les
1317 4026 1659 4094 expressions
1690 4026 1755 4077 de
1780 4024 2015 4077 l'auteur
2051 4022 2415 4091 s'appliquent
2441 4022 2566 4075 bien
2591 4021 2777 4073 mieux

424 4128 495 4165 au
549 4128 806 4179 royaume
853 4113 919 4167 de
963 4114 1334 4184 Mauretania,
1387 4116 1591 4185 qu'aux
1635 4114 1969 4182 possessions
2024 4111 2374 4165 territoriales
2426 4110 2554 4164 (l'un
2608 4110 2775 4179 grand
2829 4129 2840 4145 ·

422 4200 685 4268 Seigneur
720 4201 975 4271 Romaiu,
1015 4205 1246 4273 quelque
1284 4209 1469 4260 vastes
1508 4203 1734 4273 qu'elles
1771 4205 2025 4257 fussent«.

572 4290 606 4358 1ζ)
646 4293 709 4344 cf.
750 4292 918 4345 Koch.
958 4311 1077 4362 pag.
1119 4299 1201 4349 27.
