3123 4869
1338 242 1775 301 „12—

743 416 929 478 »Pars
978 417 1130 479 estis
1178 418 1367 498 pauci
1415 417 1659 488 melior,
1709 417 1819 497 qui
1870 416 2060 478 rebus
2110 418 2173 478 in
2211 417 2376 479 ‘artis

744 522 933 586 Ferre
981 523 1137 585 mihi
1186 524 1430 586 nullam
1480 531 1667 606 turpe
1715 524 1987 605 putastis
2036 541 2249 604 opem«

381 637 580 712 utque
626 633 690 692 in
742 630 915 692 illius
960 629 1264 693 Tristium
1312 631 1616 692 carminis
1672 648 1865 692 versu
1927 631 1968 691 2
2017 629 2187 692 hunc
2237 631 2514 692 amicum
2562 631 2733 693 »uni-

375 756 520 798 cam
541 757 744 799 aram«
764 737 1055 819 appellat,
1077 738 1251 799 sicin
1282 738 1476 799 huius
1503 738 1814 820 epistulae
1834 755 1996 799 vers,
2025 738 2094 799 6:
2128 756 2455 799 »ancoram
2487 737 2734 800 solam«

556 843 639 906 Et.
699 844 780 906 ad
841 863 1187 925 quemnam
1247 845 1459 925 aptius
1523 846 1884 926 pertineant
1930 844 2142 905 ultimi
2190 850 2443 905 11081130
2492 844 2733 926 elegiae

380 971 621 1029 versus,
671 970 863 1032 quam
913 951 994 1013 ad
1042 948 1335 1012 Cottam?
1430 949 1734 1033 Legimus
1783 951 1954 1013 enim
2002 950 2160 1012 illic:

742 1055 1013 1140 »Diligat
1060 1061 1123 1120 et
1169 1076 1435 1140 semper,
1485 1059 1698 1120 socius
1747 1062 1808 1121 te
1856 1058 2190 1139 sanguinis
2241 1057 2348 1118 illo

745 1163 884 1239 Quo
932 1165 1077 1247 pius
1125 1164 1355 1227 affectu
1403 1163 1664 1227 Castora
1709 1162 1904 1227 frater
1952 1169 2136 1226 amat.

745 1271 849 1333 Sic
898 1272 1150 1334 iuvenis
1198 1271 1558 1353 similisque
1606 1271 1724 1335 tibi
1773 1272 1854 1333 sit
1901 1276 2090 1332 natus
2139 1276 2201 1332 et
2247 1270 2431 1332 illum

743 1377 1032 1440 Moribus
1081 1383 1383 1460 agnoscat
1431 1379 1543 1460 qui
1592 1379 1749 1441 libet.
1797 1396 1936 1441 esse
1982 1383 2214 1440 tuum«

558 1484 792 1547 Facere
831 1503 961 1546 11011
1000 1503 1360 1566 1108811111118,
1401 1486 1557 1565 quin
1600 1485 1678 1548 de
1717 1483 1938 1548 Cottae
1974 1483 2168 1546 fratre
2203 1483 2457 1546 Valerio
2497 1483 2735 1546 Messa-

380 1592 509 1653 lino
575 1593 962 1674 cogitemus,
1023 1610 1172 1653 nam
1226 1593 1288 1652 in
1357 1592 1657 1654 omnibus
1725 1610 1926 1674 paene
1984 1591 2274 1673 epistulis
2341 1589 2422 1652 ad
2488 1590 2733 1653 Cottam

372 1699 630 1780 scriptis
695 1699 888 1760 huius
956 1696 1170 1760 fra-tris
1236 1705 1422 1780 poeta
1484 1698 1638 1761 facit
1712 1699 2103 1761 mentionem
2165 1696 2341 1759 velut
2402 1697 2450 1778 Ι,
2518 1699 2575 1778 9,
2650 1698 2734 1759 29

373 1805 733 1887 eodemque
798 1804 987 1866 modo
1053 1805 1119 1865 in
1187 1804 1477 1886 epistulis
1548 1805 1630 1866 ad
1697 1803 2117 1867 Messalinum
2199 1802 2434 1866 Cottae.
2564 1802 2736 1865 Dicit

373 1913 552 1975 enim
598 1911 649 1992 Ι,
699 1915 755 1992 7,
804 1932 858 1973 v,
908 1914 989 1974 31
1043 1930 1201 1994 seq.:
2317 1918 2323 1925 ’

635 2017 854 2081 »Adde
902 2017 1074 2100 quod
1121 2023 1218 2081 est
1263 2018 1461 2080 frater
1507 2024 1685 2080 tanto
1733 2018 1850 2080 tibi
1899 2019 2158 2080 iunctus
2207 2036 2438 2095 3111010,

638 2122 931 2199 Quantus
976 2126 1044 2187 in
1093 2124 1342 2187 Atridis
1387 2124 1905 2207 Tyndaridisque
1951 2124 2105 2187 fuit«

374 2234 481 2295 vel
530 2233 818 2295 eiusdem
865 2233 1168 2294 carminis
1215 2250 1378 2294 vers.
1428 2234 1513 2295 59
1565 2250 1723 2314 seq.:

634 2337 974 2421 »Quaeque
1022 2344 1133 2401 tua
1181 2345 1277 2402 est
1324 2340 1546 2422 pietaS‚
1594 2345 1667 2401 ut
1715 2344 1776 2401 te
1823 2357 1952 2399 non
2002 2338 2253 2400 excolat
2301 2338 2510 2419 ipsum

637 2446 759 2509 Jus
807 2445 1069 2528 aliquod
1119 2453 1332 2509 tecum
1378 2447 1596 2509 fratris
1643 2447 1888 2508 amicus
1937 2444 2174 2508 habet«

558 2551 804 2616 Cottam
867 2559 1081 2616 autem
1142 2553 1352 2615 filium
1413 2552 1736 2632 habuisse,
1799 2570 1992 2633 quem
2037 2556 2257 2634 postea
2303 2550 2473 2614 Nero
2522 2572 2734 2615 annua

379 2661 651 2743 pecunia
699 2659 1081 2741 sublevaret,
1126 2659 1384 2722 Tacitus
1432 2660 1501 2720 111
1546 2659 1719 2721 Α1111.
1767 2657 1953 2737 ΧΙΙΙ,
2003 2660 2088 2721 34
2136 2658 2414 2721 tradidit.

557 2764 807 2841 Quibus
866 2766 945 2830 de
1007 2767 1220 2829 causis
1268 2766 1442 2829 haud
1489 2766 1784 2847 ineptum
1837 2763 2023 2826 nobis
2080 2764 2340 2827 videtur
2386 2783 2526 2829 esse
2573 2767 2735 2829 hanc

376 2892 637 2956 quoque
685 2874 956 2955 elegiam
1003 2873 1289 2935 Maximo
1339 2871 1558 2936 Cottae
1606 2870 1888 2933 inscribi.

558 2978 745 3055 Quod
813 2981 984 3043 enim
1047 2981 1175 3042 duo
1241 2982 1526 3043 carmina
1596 2980 2002 3059 insequentia
2068 2980 2148 3041 ad
2197 2977 2477 3041 eundem
2525 2980 2734 3041 virum

375 3089 615 3171 scripta
665 3105 804 3150 esse
850 3088 1169 3167 videntur,
1217 3107 1348 3149 non
1386 3092 1719 3170 repugnat,
1749 3091 2003 3149 nostrae
2043 3086 2413 3164 sententiae,
2460 3086 2527 3147 id
2566 3086 2732 3148 enini

377 3195 635 3276 saepius
682 3196 748 3255 in
800 3193 1014 3256 Ovidii
1064 3194 1245 3256 libris
1311 3195 1642 3257 invenitur
1706 3193 1885 3255 velut
1934 3211 2018 3254 ex
2064 3192 2270 3255 Ponto
2318 3190 2431 3271 IV,
2479 3196 2520 3255 4
2569 3200 2631 3255 et
2679 3195 2734 3252 ἴ).

378 3300 641 3364 Praeter
701 3301 843 3363 illas
905 3307 1153 3381 autem,
1204 3301 1282 3363 de
1345 3298 1583 3382 quibus
1633 3299 1936 3379 diximuS‚
1991 3298 2292 3361 Tristium
2342 3298 2577 3381 elegias
2624 3299 2734 3359 vix

381 3407 512 3470 ulla
562 3408 685 3470 alia
734 3408 884 3469 huic
933 3408 1138 3469 amico
1188 3404 1605 3488 probabiliter
1650 3404 1988 3476 tribuetur,

555 3512 979 3576 Transeamus
1029 3514 1242 3595 igitur,
1290 3519 1361 3575 ut
1409 3519 1542 3576 erat
1590 3505 2006 3595 propositum,
2054 3512 2134 3574 ad
2184 3515 2454 3576 alterum
2505 3511 2736 3574 Ovidio

380 3621 702 3695 intimum,
748 3619 895 3683 Sex.
944 3619 1338 3701 Pompeium.
