3123 4869
1080 779 1331 861 Cotta
1388 779 1932 862 Messalinus,
1977 755 1982 759 ⁴

508 958 803 1020 Primum
849 958 1205 1037 videamus,
1244 959 1569 1040 *quidnam
1609 959 1687 1021 de
1729 959 1921 1021 huius
1963 959 2082 1020 viri
2125 944 2253 1020 vita
2292 965 2353 1021 et
2393 959 2683 1026 moribus

325 1067 411 1128 sit
460 1066 782 1128 traditum.
1012 1127 1016 1131 ,
1729 1126 1730 1129 ,

460 1238 468 1245 ,
507 1171 589 1233 M.
630 1171 932 1234 Valerius
979 1171 1324 1251 Maximus,
1373 1172 1560 1233 cuius
1598 1158 1878 1233 Tacitus
1905 1173 1965 1232 in
2009 1172 2377 1236 Annalibus
2426 1175 2682 1256 saepius

325 1279 483 1349 facit
561 1280 958 1342 mentionem
977 1279 1055 1360 1),
1120 1284 1298 1361 patre
1365 1277 1447 1339 M.
1520 1277 1777 1340 Valerio
1842 1277 2118 1341 Messala
2183 1278 2473 1343 Corvino
2569 1301 2683 1343 na-

323 1387 509 1467 tus'2),
556 1391 776 1468 postea
822 1385 900 1447 ab
948 1384 1217 1448 Aurelio
1267 1383 1449 1447 Cotta
1495 1384 1929 1468 adoptatus3),-
1974 1404 2072 1448 ne·
2102 1405 2261 1468 gens
2309 1387 2683 1466 clarissima,
2739 1412 2744 1415 ²

324 1512 413 1555 ex
444 1513 572 1574 qua
603 1498 807 1555 mater
838 1497 971 1555 erat
1002 1497 1137 1554 orta
1181 1492 1496 1573 cuiusque
1535 1491 1721 1553 nulla
1758 1499 2091 1574 supererat
2127 1493 2356 1575 proleS,
2384 1493 2682 1556 funditus

325 1600 872 1682 exstingueretur,
918 1600 988 1660 in
1028 1597 1362 1667 Aureliam
1402 1595 1732 1660 Cottarum
1778 1597 2090 1661 familiam
2131 1601 2398 1662 transiit.
2474 1597 2683 1674 Quam

324 1706 409 1768 ad
475 1724 612 1768 rem
681 1704 952 1768 Ovidius
1016 1707 1153 1787 ipse
1218 1711 1463 1787 spectat
1527 1706 1595 1767 in
1664 1707 1842 1788 epist.
1910 1725 1995 1768 ex
2049 1705 2255 1769 Ponto
2317 1706 2436 1787 III,
2498 1709 2537 1768 2
2602 1707 2683 1769 ad

326 1811 577 1884 Cottam
625 1813 840 1892 missa,
888 1812 1001 1874 ubi
1048 1831 1209 1875 vers,
1264 1813 1386 1875 107
1432 1831 1567 1894 seq.
1615 1812 1774 1875 haec
1821 1813 2133 1895 legimus:

620 1919 1036 2001 »Adiectique
1083 1918 1356 2001 probent
1399 1920 1698 2001 genetiva
1746 1920 1826 1981 ad
1873 1920 2140 1982 nomina
2188 1920 2423 2000 Cottae,

626 2024 694 2088 si
743 2031 815 2088 tu
863 2046 994 2087 non
1043 2045 1234 2106 esseS,
1281 2027 1623 2089 interitura
1675 2022 1952 2089 domus«

510 2131 650 2206 Quo
728 2131 896 2194 facto
976 2131 1060 2194 M.
1126 2132 1463 2213 Aurelius,
1503 2130 1686 2196 Cotta
1749 2131 2080 2196 Maximus
2147 2134 2503 2216 appellatus
2571 2143 2682 2196 est.

326 2238 669 2302 Praeterea
705 2239 900 2301 fratre
940 2258 1056 2301 suo
1096 2238 1177 2300 M.
1218 2238 1478 2302 Valerio
1519 2237 1795 2301 Corvino
1836 2238 2182 2302 Messalino
2222 2247 2492 2321 mortuO,
2532 2260 2683 2303 eum

327 2365 687 2428 cognomen
764 2345 887 2407 sibi
971 2347 1394 2428 assumpsisse
1477 2344 1841 2425 Messalini,
1921 2345 2213 2409 Velleius
2303 2346 2684 2411 Paterculus

328 2455 395 2514 in
446 2453 586 2515 libr.
635 2452 701 2515 II
750 2473 883 2535 cap.
948 2455 1070 2516 112
1120 2452 1406 2534 narrat4).
1516 2452 1615 2516 De
1679 2454 2161 2536 magistratibus
2227 2462 2442 2518 autem
2490 2455 2684 2517 huius
2777 2444 2781 2448 ⁴

329 2562 451 2621 viri
514 2581 669 2622 num
734 2560 891 2641 quid
950 2560 1138 2622 nobis
1196 2561 1505 2624 traditum
1561 2562 1661 2640 sit,
1723 2561 1848 2622 viri
1897 2561 2067 2624 docti
2116 2561 2486 2644 dubitant-5),
2535 2581 2688 2625 oum

476 2755 513 2820 ¹]
552 2754 610 2806 in
647 2756 786 2806 Ann.
825 2753 896 2816 ΙΙ.
936 2758 1021 2807 32.
1059 2753 1153 2821 IV,
1195 2758 1276 2808 20.
1318 2755 1384 2821 V,
1425 2760 1474 2807 3.
1513 2755 1606 2821 VI,
1650 2760 1694 2808 5.
1736 2759 1784 2807 6.
1826 2759 1874 2808 7.
1916 2753 2043 2821 XII,
2083 2760 2166 2809 32.

472 2842 513 2908 2)
553 2842 618 2894 de
657 2858 761 2910 quo
800 2859 850 2895 v,
890 2842 1180 2896 Masson.
1238 2843 1273 2896 1.
1313 2844 1346 2896 l.
1386 2860 1506 2913 pag.
1547 2848 1616 2899 76
1655 2860 1764 2912 seq.
1806 2847 1861 2896 et
1897 2844 2138 2912 Pauly.
2181 2845 2453 2913 encyclop.
2498 2861 2541 2898 s.
2582 2863 2632 2897 ν.

469 2931 513 2998 ³)
552 2934 613 2983 ut
652 2932 817 2985 tradit
854 2932 1122 2985 scholium
1161 2932 1228 2985 ad
1266 2933 1441 2985 Persii
1480 2934 1629 2986 satir.
1674 2933 1743 2999 ΙΙ,
1783 2938 1879 2986 72:

720 3037 892 3103 ⁴>Quin
931 3039 1122 3092 damus
1161 3039 1217 3091 id
1255 3040 1484 3106 superiS‚
1523 3040 1589 3091 de
1628 3056 1826 3109 magna
1865 3042 2007 3108 quod
2047 3042 2171 3094 dare
2210 3041 2362 3094 lance

721 3127 842 3179 Non
880 3127 1052 3194 possit
1088 3128 1270 3197 magni
1307 3127 1576 3207 Messalae
1613 3128 1761 3196 lippa
1799 3145 2074 3198 propago«.

212 3255 219 3262 ·
322 3234 421 3287 ubi
461 3234 682 3287 adnotat
720 3234 1044 3294 scholiasta:
1086 3235 1214 3287 »Per
1237 3234 1506 3289 Messalae
1533 3238 1718 3289 autem
1744 3237 2092 3305 propaginem
2120 3253 2208 3289 eos
2236 3221 2358 3288 vult
2383 3237 2685 3303 ostendero,

323 3323 421 3390 qui
461 3339 568 3375 non
606 3339 741 3389 pura
780 3325 1118 3379 conscientia
1155 3324 1260 3378 diis
1299 3325 1621 3379 sacrificant.
1698 3324 1803 3377 Hic
1842 3328 2025 3378 autem
2078 3326 2289 3379 Cottam
2326 3324 2686 3378 Messalinum

322 3412 477 3476 dicit,
530 3412 624 3479 qui
664 3416 778 3466 tam
830 3413 1055 3467 vitiosos
1102 3413 1284 3467 oculos
1333 3414 1391 3466 in
1443 3417 1728 3467 senectute
1775 3415 1988 3482 habuit,
2045 3419 2107 3468 ut
2145 3414 2432 3482 palpebrae
2470 3415 2589 3467 cius
2628 3417 2684 3467 in

322 3501 652 3554 exteriorem
686 3504 893 3569 partem
934 3506 1288 3556 verterentur.
1365 3502 1495 3555 Fuit
1533 3506 1718 3556 autem
1757 3506 1812 3556 et
1852 3503 2043 3556 multis
2081 3503 2297 3555 deditus
2337 3503 2504 3556 vitiis.
2580 3504 2685 3557 Hic

323 3591 395 3644 ab
446 3589 668 3642 Aurelio
725 3591 882 3643 Cotta
935 3592 1223 3659 adoptatus
1278 3591 1352 3644 M.
1412 3592 1671 3645 Aurelius
1728 3592 2005 3646 Maximus
2065 3593 2376 3659 vocabatur,
2426 3592 2687 3661 originem

331 3669 553 3731 trahens
595 3696 624 3731 a
668 3678 877 3732 Valerio
914 3679 1169 3747 Messala,
1209 3680 1303 3748 qui
1342 3682 1542 3747 septies
1581 3681 1689 3733 fuit
1727 3681 1915 3735 consul
1954 3685 2055 3735 ete.
2135 3735 2140 3740 ,

474 3770 519 3834 ⁴)
559 3769 622 3821 of.
698 3768 977 3822 Masson.
1027 3770 1062 3822 l.
1102 3769 1136 3822 l.
1177 3786 1293 3838 pag.
1321 3773 1435 3822 106.
1512 3769 1929 3838 Nipperdey.
1986 3771 2053 3823 ad
2091 3771 2256 3823 Tacit.
2317 3775 2453 3823 Aun.
2492 3771 2560 3836 ΙΙ.
2600 3778 2683 3825 32.

326 3857 591 3911 Haakh.
632 3857 689 3909 in
729 3857 920 3925 Pauly.
961 3857 1234 3925 encyclop.
1275 3858 1378 3912 vol.
1418 3859 1497 3911 VI
1533 3862 1664 3911 sect.
1706 3863 1736 3911 2
1777 3876 1895 3927 pag.
1936 3863 2091 3912 2356.
2167 3859 2684 3913 Friedlaender:

331 3945 596 3999 Recensio
631 3947 927 4000 amicorum
965 3950 1020 3999 et
1046 3947 1304 4000 comitum
1333 3948 1628 4001 Caesarum
1666 3963 1837 4015 usque
1875 3948 1940 4001 ad
1968 3946 2154 4001 Severi
2196 3951 2446 4015 tempora.
2522 3950 2687 4002 Acad.

328 4034 452 4087 Alb.
492 4034 702 4104 Regim.
748 4041 898 4090 1873.
969 4035 1048 4089 IV
1085 4052 1203 4104 pag.
1234 4040 1265 4089 2
1293 4062 1361 4080 =
1388 4036 1886 4105 Sittengeschichte
1913 4036 2018 4090 vol.
2056 4037 2098 4089 I.
2140 4053 2257 4106 pag.
2300 4042 2418 4091 ⁴200.

474 4125 517 4188 ⁵)
575 4125 638 4176 cf.
715 4124 1128 4192 Nipperdey.
1188 4124 1222 4177 1.
1283 4142 1326 4176 c.
1438 4126 1688 4179 Haakh.
1759 4125 1793 4178 l.
1853 4141 1897 4178 c.
1992 4124 2494 4179 Friodlaender
2548 4126 2581 4177 1.
2641 4145 2686 4179 c.

326 4211 691 4266 Matthias
729 4213 946 4266 Koch:
986 4213 1503 4281 »Prosopographiae
1531 4213 1833 4267 Ovidianae
1861 4214 2175 4268 elementa«
2224 4216 2367 4268 Diss.
2397 4215 2689 4268 Vratislav.

330 4299 717 4353 MDCCCLXV
760 4318 877 4371 pag.
920 4308 968 4356 Τ.

657 4421 663 4428 ,
2186 4399 2208 4446 1
2231 4394 2259 4426 ’.ἓ
