<?xml version="1.0" encoding="UTF-8"?>
<!DOCTYPE html PUBLIC "-//W3C//DTD XHTML 1.0 Transitional//EN"
    "http://www.w3.org/TR/xhtml1/DTD/xhtml1-transitional.dtd">
<html xmlns="http://www.w3.org/1999/xhtml" xml:lang="en" lang="en">
 <head>
  <title>
</title>
<meta http-equiv="Content-Type" content="text/html;charset=utf-8" />
  <meta name='ocr-system' content='tesseract 3.04.00' />
  <meta name='ocr-capabilities' content='ocr_page ocr_carea ocr_par ocr_line ocrx_word'/>
</head>
<body>
  <div class='ocr_page' id='page_1' title='image "./deamicoruminovi02loregoog_0014.png"; bbox 0 0 3123 4869; ppageno 0'>
   <div class='ocr_carea' id='block_1_1' title="bbox 1427 270 1823 329">
    <p class='ocr_par' dir='ltr' id='par_1_1' title="bbox 1427 270 1823 329">
     <span class='ocr_line' id='line_1_1' title="bbox 1427 270 1823 329; baseline -0.003 -17"><span class='ocrx_word' id='word_1_1' title='bbox 1427 270 1823 329; x_wconf 62' lang='grc'>-4-</span> 
     </span>
    </p>
   </div>
   <div class='ocr_carea' id='block_1_2' title="bbox 436 443 2802 2881">
    <p class='ocr_par' dir='ltr' id='par_1_2' title="bbox 439 443 2802 2131">
     <span class='ocr_line' id='line_1_2' title="bbox 452 443 2802 527; baseline 0.003 -24"><span class='ocrx_word' id='word_1_2' title='bbox 452 444 784 506; x_wconf 68' lang='lat' dir='ltr'>‹emisulem</span> <span class='ocrx_word' id='word_1_3' title='bbox 861 446 1015 506; x_wconf 86' lang='lat' dir='ltr'>anni</span> <span class='ocrx_word' id='word_1_4' title='bbox 1064 465 1120 526; x_wconf 89' lang='lat' dir='ltr'>p.</span> <span class='ocrx_word' id='word_1_5' title='bbox 1170 443 1311 506; x_wconf 90' lang='lat' dir='ltr'>Chr.</span> <span class='ocrx_word' id='word_1_6' title='bbox 1362 444 1503 524; x_wconf 78' lang='lat'>201)</span> <span class='ocrx_word' id='word_1_7' title='bbox 1549 450 1849 527; x_wconf 82' lang='lat' dir='ltr'>nepotem</span> <span class='ocrx_word' id='word_1_8' title='bbox 1894 444 2208 509; x_wconf 76' lang='lat' dir='ltr'>Messalae</span> <span class='ocrx_word' id='word_1_9' title='bbox 2274 445 2534 508; x_wconf 86' lang='lat' dir='ltr'>Corvini</span> <span class='ocrx_word' id='word_1_10' title='bbox 2599 447 2802 509; x_wconf 89' lang='lat' dir='ltr'>fuisse</span> 
     </span>
     <span class='ocr_line' id='line_1_3' title="bbox 449 550 2801 634; baseline 0.001 -22"><span class='ocrx_word' id='word_1_11' title='bbox 449 550 872 634; x_wconf 82' lang='lat' dir='ltr'>suspicentur.</span> <span class='ocrx_word' id='word_1_12' title='bbox 967 550 1152 625; x_wconf 76' lang='lat' dir='ltr'>Quod</span> <span class='ocrx_word' id='word_1_13' title='bbox 1214 551 1519 613; x_wconf 85' lang='lat' dir='ltr'>videntur</span> <span class='ocrx_word' id='word_1_14' title='bbox 1566 552 1962 615; x_wconf 81' lang='lat' dir='ltr'>conclusisse</span> <span class='ocrx_word' id='word_1_15' title='bbox 2023 572 2104 615; x_wconf 81' lang='lat' dir='ltr'>ex</span> <span class='ocrx_word' id='word_1_16' title='bbox 2151 552 2342 615; x_wconf 80' lang='lat' dir='ltr'>Tacit.</span> <span class='ocrx_word' id='word_1_17' title='bbox 2389 554 2561 615; x_wconf 90' lang='lat' dir='ltr'>Ann.</span> <span class='ocrx_word' id='word_1_18' title='bbox 2610 552 2801 634; x_wconf 71' lang='lat' dir='ltr'>XIII,</span> 
     </span>
     <span class='ocr_line' id='line_1_4' title="bbox 449 656 2795 743; baseline 0.003 -26"><span class='ocrx_word' id='word_1_19' title='bbox 449 661 551 738; x_wconf 70' lang='lat'>234,</span> <span class='ocrx_word' id='word_1_20' title='bbox 598 658 713 720; x_wconf 89' lang='lat' dir='ltr'>ubi</span> <span class='ocrx_word' id='word_1_21' title='bbox 762 665 823 721; x_wconf 90' lang='lat' dir='ltr'>et</span> <span class='ocrx_word' id='word_1_22' title='bbox 869 657 952 719; x_wconf 90' lang='grc' dir='ltr'>Μ.</span> <span class='ocrx_word' id='word_1_23' title='bbox 990 656 1327 720; x_wconf 86' lang='lat' dir='ltr'>Valerium</span> <span class='ocrx_word' id='word_1_24' title='bbox 1364 656 1789 722; x_wconf 88' lang='lat' dir='ltr'>Messalinum</span> <span class='ocrx_word' id='word_1_25' title='bbox 1830 660 2163 723; x_wconf 87' lang='lat' dir='ltr'>consulem</span> <span class='ocrx_word' id='word_1_26' title='bbox 2211 661 2367 722; x_wconf 86' lang='lat' dir='ltr'>anni</span> <span class='ocrx_word' id='word_1_27' title='bbox 2412 681 2470 743; x_wconf 88' lang='lat' dir='ltr'>p.</span> <span class='ocrx_word' id='word_1_28' title='bbox 2521 658 2662 722; x_wconf 90' lang='lat' dir='ltr'>Chr.</span> <span class='ocrx_word' id='word_1_29' title='bbox 2712 662 2795 723; x_wconf 78' lang='lat'>58</span> 
     </span>
     <span class='ocr_line' id='line_1_5' title="bbox 445 763 2796 847; baseline 0.001 -21"><span class='ocrx_word' id='word_1_30' title='bbox 445 769 863 847; x_wconf 82' lang='lat' dir='ltr'>pronepotem</span> <span class='ocrx_word' id='word_1_31' title='bbox 910 764 1222 827; x_wconf 80' lang='lat' dir='ltr'>Messalae</span> <span class='ocrx_word' id='word_1_32' title='bbox 1271 763 1532 827; x_wconf 82' lang='lat' dir='ltr'>Corvini</span> <span class='ocrx_word' id='word_1_33' title='bbox 1578 764 1780 829; x_wconf 87' lang='lat' dir='ltr'>fuisse</span> <span class='ocrx_word' id='word_1_34' title='bbox 1827 766 2101 829; x_wconf 87' lang='lat' dir='ltr'>traditur</span> <span class='ocrx_word' id='word_1_35' title='bbox 2149 773 2212 829; x_wconf 93' lang='lat' dir='ltr'>et</span> <span class='ocrx_word' id='word_1_36' title='bbox 2257 767 2567 829; x_wconf 82' lang='lat' dir='ltr'>Aurelius</span> <span class='ocrx_word' id='word_1_37' title='bbox 2616 766 2796 830; x_wconf 88' lang='lat' dir='ltr'>Cotta</span> 
     </span>
     <span class='ocr_line' id='line_1_6' title="bbox 447 870 2795 956; baseline 0.001 -23"><span class='ocrx_word' id='word_1_38' title='bbox 447 872 712 954; x_wconf 79' lang='lat' dir='ltr'>quidam</span> <span class='ocrx_word' id='word_1_39' title='bbox 760 878 1313 935; x_wconf 85' lang='lat' dir='ltr'>commemoratur.</span> <span class='ocrx_word' id='word_1_40' title='bbox 1405 870 1604 934; x_wconf 90' lang='lat' dir='ltr'>Hunc</span> <span class='ocrx_word' id='word_1_41' title='bbox 1664 878 1880 935; x_wconf 88' lang='lat' dir='ltr'>tamen</span> <span class='ocrx_word' id='word_1_42' title='bbox 1945 874 2158 956; x_wconf 90' lang='lat' dir='ltr'>ipsum</span> <span class='ocrx_word' id='word_1_43' title='bbox 2223 893 2481 956; x_wconf 87' lang='lat' dir='ltr'>quoque</span> <span class='ocrx_word' id='word_1_44' title='bbox 2529 875 2795 937; x_wconf 88' lang='lat' dir='ltr'>oratoris</span> 
     </span>
     <span class='ocr_line' id='line_1_7' title="bbox 446 978 2798 1064; baseline 0.001 -25"><span class='ocrx_word' id='word_1_45' title='bbox 446 979 624 1042; x_wconf 86' lang='lat' dir='ltr'>illius</span> <span class='ocrx_word' id='word_1_46' title='bbox 684 985 1098 1061; x_wconf 84' lang='lat' dir='ltr'>pronepotem</span> <span class='ocrx_word' id='word_1_47' title='bbox 1162 978 1363 1041; x_wconf 88' lang='lat' dir='ltr'>fuisse</span> <span class='ocrx_word' id='word_1_48' title='bbox 1427 998 1509 1042; x_wconf 80' lang='lat' dir='ltr'>ex</span> <span class='ocrx_word' id='word_1_49' title='bbox 1555 978 1668 1041; x_wconf 91' lang='lat' dir='ltr'>illo</span> <span class='ocrx_word' id='word_1_50' title='bbox 1717 979 1855 1042; x_wconf 93' lang='lat' dir='ltr'>loco</span> <span class='ocrx_word' id='word_1_51' title='bbox 1904 980 2207 1062; x_wconf 86' lang='lat' dir='ltr'>colligere</span> <span class='ocrx_word' id='word_1_52' title='bbox 2253 999 2386 1043; x_wconf 90' lang='lat' dir='ltr'>non</span> <span class='ocrx_word' id='word_1_53' title='bbox 2430 999 2798 1064; x_wconf 74' lang='lat' dir='ltr'>possumus,</span> 
     </span>
     <span class='ocr_line' id='line_1_8' title="bbox 445 1085 2794 1169; baseline 0.001 -21"><span class='ocrx_word' id='word_1_54' title='bbox 445 1106 596 1149; x_wconf 85' lang='lat' dir='ltr'>nam</span> <span class='ocrx_word' id='word_1_55' title='bbox 671 1105 784 1169; x_wconf 92' lang='lat' dir='ltr'>per</span> <span class='ocrx_word' id='word_1_56' title='bbox 876 1086 1109 1149; x_wconf 83' lang='lat' dir='ltr'>luxum</span> <span class='ocrx_word' id='word_1_57' title='bbox 1187 1086 1442 1148; x_wconf 79' lang='lat' dir='ltr'>avitas</span> <span class='ocrx_word' id='word_1_58' title='bbox 1518 1104 1670 1168; x_wconf 91' lang='lat' dir='ltr'>opes</span> <span class='ocrx_word' id='word_1_59' title='bbox 1748 1085 2091 1169; x_wconf 87' lang='lat' dir='ltr'>dissipasse</span> <span class='ocrx_word' id='word_1_60' title='bbox 2168 1086 2418 1150; x_wconf 89' lang='lat' dir='ltr'>dicitur.</span> <span class='ocrx_word' id='word_1_61' title='bbox 2547 1086 2794 1150; x_wconf 83' lang='lat' dir='ltr'>Cottam</span> 
     </span>
     <span class='ocr_line' id='line_1_9' title="bbox 443 1192 2792 1257; baseline -0 -1"><span class='ocrx_word' id='word_1_62' title='bbox 443 1199 658 1257; x_wconf 83' lang='lat' dir='ltr'>autem</span> <span class='ocrx_word' id='word_1_63' title='bbox 717 1192 1140 1255; x_wconf 83' lang='lat' dir='ltr'>Messalinum</span> <span class='ocrx_word' id='word_1_64' title='bbox 1196 1192 1406 1255; x_wconf 87' lang='lat' dir='ltr'>filium</span> <span class='ocrx_word' id='word_1_65' title='bbox 1462 1192 1777 1256; x_wconf 88' lang='lat' dir='ltr'>Messalae</span> <span class='ocrx_word' id='word_1_66' title='bbox 1852 1192 2113 1255; x_wconf 87' lang='lat' dir='ltr'>Corvini</span> <span class='ocrx_word' id='word_1_67' title='bbox 2187 1194 2392 1257; x_wconf 91' lang='lat' dir='ltr'>multo</span> <span class='ocrx_word' id='word_1_68' title='bbox 2475 1195 2792 1257; x_wconf 88' lang='lat' dir='ltr'>minorem</span> 
     </span>
     <span class='ocr_line' id='line_1_10' title="bbox 443 1298 2794 1382; baseline -0.001 -19"><span class='ocrx_word' id='word_1_69' title='bbox 443 1308 601 1363; x_wconf 82' lang='lat' dir='ltr'>natu</span> <span class='ocrx_word' id='word_1_70' title='bbox 669 1320 860 1382; x_wconf 86' lang='lat' dir='ltr'>quam</span> <span class='ocrx_word' id='word_1_71' title='bbox 928 1298 1011 1361; x_wconf 90' lang='lat' dir='ltr'>M.</span> <span class='ocrx_word' id='word_1_72' title='bbox 1061 1299 1395 1362; x_wconf 86' lang='lat' dir='ltr'>Valerium</span> <span class='ocrx_word' id='word_1_73' title='bbox 1451 1298 1874 1363; x_wconf 89' lang='lat' dir='ltr'>Messalinum</span> <span class='ocrx_word' id='word_1_74' title='bbox 1935 1301 2268 1364; x_wconf 89' lang='lat' dir='ltr'>consulem</span> <span class='ocrx_word' id='word_1_75' title='bbox 2328 1303 2480 1364; x_wconf 87' lang='lat' dir='ltr'>anni</span> <span class='ocrx_word' id='word_1_76' title='bbox 2539 1321 2589 1363; x_wconf 88' lang='lat' dir='ltr'>a.</span> <span class='ocrx_word' id='word_1_77' title='bbox 2650 1299 2794 1362; x_wconf 90' lang='lat' dir='ltr'>Chr.</span> 
     </span>
     <span class='ocr_line' id='line_1_11' title="bbox 442 1405 2791 1490; baseline 0.001 -22"><span class='ocrx_word' id='word_1_78' title='bbox 442 1411 481 1468; x_wconf 78' lang='lat'><strong>3</strong></span> <span class='ocrx_word' id='word_1_79' title='bbox 543 1407 744 1470; x_wconf 88' lang='lat' dir='ltr'>fuisse</span> <span class='ocrx_word' id='word_1_80' title='bbox 801 1413 1065 1469; x_wconf 80' lang='lat' dir='ltr'>constat.</span> <span class='ocrx_word' id='word_1_81' title='bbox 1167 1405 1269 1467; x_wconf 77' lang='lat' dir='ltr'>Ex</span> <span class='ocrx_word' id='word_1_82' title='bbox 1328 1407 1604 1488; x_wconf 88' lang='lat' dir='ltr'>epistula</span> <span class='ocrx_word' id='word_1_83' title='bbox 1666 1408 1838 1469; x_wconf 89' lang='lat' dir='ltr'>enim</span> <span class='ocrx_word' id='word_1_84' title='bbox 1907 1426 1989 1469; x_wconf 79' lang='lat' dir='ltr'>ex</span> <span class='ocrx_word' id='word_1_85' title='bbox 2045 1406 2249 1471; x_wconf 91' lang='lat' dir='ltr'>Ponto</span> <span class='ocrx_word' id='word_1_86' title='bbox 2305 1407 2400 1490; x_wconf 72' lang='grc' dir='ltr'>ΙΙ,</span> <span class='ocrx_word' id='word_1_87' title='bbox 2465 1411 2532 1483; x_wconf 70' lang='lat'>3,</span> <span class='ocrx_word' id='word_1_88' title='bbox 2598 1427 2791 1489; x_wconf 87' lang='lat' dir='ltr'>quam</span> 
     </span>
     <span class='ocr_line' id='line_1_12' title="bbox 444 1512 2795 1596; baseline 0 -19"><span class='ocrx_word' id='word_1_89' title='bbox 444 1516 661 1577; x_wconf 86' lang='lat' dir='ltr'>Cottae</span> <span class='ocrx_word' id='word_1_90' title='bbox 694 1513 979 1575; x_wconf 80' lang='lat' dir='ltr'>Maximo</span> <span class='ocrx_word' id='word_1_91' title='bbox 1019 1512 1497 1575; x_wconf 87' lang='lat' dir='ltr'>inscribendam</span> <span class='ocrx_word' id='word_1_92' title='bbox 1539 1532 1677 1576; x_wconf 92' lang='lat' dir='ltr'>esse</span> <span class='ocrx_word' id='word_1_93' title='bbox 1725 1514 1942 1596; x_wconf 92' lang='lat' dir='ltr'>paullo</span> <span class='ocrx_word' id='word_1_94' title='bbox 1981 1514 2151 1577; x_wconf 88' lang='lat' dir='ltr'>infra</span> <span class='ocrx_word' id='word_1_95' title='bbox 2190 1515 2795 1595; x_wconf 73' lang='lat' dir='ltr'>demonstrabimus,</span> 
     </span>
     <span class='ocr_line' id='line_1_13' title="bbox 441 1613 2789 1702; baseline 0 -20"><span class='ocrx_word' id='word_1_96' title='bbox 441 1641 632 1683; x_wconf 77' lang='lat' dir='ltr'>versu</span> <span class='ocrx_word' id='word_1_97' title='bbox 712 1613 794 1684; x_wconf 84' lang='grc'>70</span> <span class='ocrx_word' id='word_1_98' title='bbox 852 1639 1024 1702; x_wconf 81' lang='lat' dir='ltr'>seqq.</span> <span class='ocrx_word' id='word_1_99' title='bbox 1092 1618 1396 1682; x_wconf 88' lang='lat' dir='ltr'>Ovidium</span> <span class='ocrx_word' id='word_1_100' title='bbox 1471 1621 1702 1702; x_wconf 81' lang='lat' dir='ltr'>viginti</span> <span class='ocrx_word' id='word_1_101' title='bbox 1768 1620 1901 1683; x_wconf 82' lang='lat' dir='ltr'>fere</span> <span class='ocrx_word' id='word_1_102' title='bbox 1983 1623 2206 1684; x_wconf 87' lang='lat' dir='ltr'>aetatis</span> <span class='ocrx_word' id='word_1_103' title='bbox 2274 1623 2462 1684; x_wconf 88' lang='lat' dir='ltr'>annis</span> <span class='ocrx_word' id='word_1_104' title='bbox 2543 1620 2789 1684; x_wconf 89' lang='lat' dir='ltr'>Cottam</span> 
     </span>
     <span class='ocr_line' id='line_1_14' title="bbox 443 1725 2788 1810; baseline 0 -21"><span class='ocrx_word' id='word_1_105' title='bbox 443 1747 779 1810; x_wconf 87' lang='lat' dir='ltr'>superasse</span> <span class='ocrx_word' id='word_1_106' title='bbox 845 1727 1300 1809; x_wconf 82' lang='lat' dir='ltr'>intellegimus,</span> <span class='ocrx_word' id='word_1_107' title='bbox 1413 1725 1593 1800; x_wconf 79' lang='lat' dir='ltr'>Quae</span> <span class='ocrx_word' id='word_1_108' title='bbox 1660 1746 1809 1789; x_wconf 90' lang='lat' dir='ltr'>cum</span> <span class='ocrx_word' id='word_1_109' title='bbox 1875 1730 1965 1790; x_wconf 87' lang='lat' dir='ltr'>ita</span> <span class='ocrx_word' id='word_1_110' title='bbox 2031 1728 2176 1808; x_wconf 83' lang='lat' dir='ltr'>sint,</span> <span class='ocrx_word' id='word_1_111' title='bbox 2242 1728 2296 1789; x_wconf 92' lang='lat' dir='ltr'>si</span> <span class='ocrx_word' id='word_1_112' title='bbox 2353 1727 2530 1791; x_wconf 89' lang='lat' dir='ltr'>hunc</span> <span class='ocrx_word' id='word_1_113' title='bbox 2574 1729 2788 1790; x_wconf 80' lang='lat' dir='ltr'>virum</span> 
     </span>
     <span class='ocr_line' id='line_1_15' title="bbox 441 1832 2787 1916; baseline -0.001 -19"><span class='ocrx_word' id='word_1_114' title='bbox 441 1837 611 1897; x_wconf 74' lang='lat' dir='ltr'>circa</span> <span class='ocrx_word' id='word_1_115' title='bbox 666 1854 908 1897; x_wconf 89' lang='lat' dir='ltr'>annum</span> <span class='ocrx_word' id='word_1_116' title='bbox 962 1855 1012 1895; x_wconf 87' lang='lat' dir='ltr'>a.</span> <span class='ocrx_word' id='word_1_117' title='bbox 1072 1832 1213 1896; x_wconf 91' lang='lat' dir='ltr'>Chr.</span> <span class='ocrx_word' id='word_1_118' title='bbox 1264 1834 1346 1896; x_wconf 78' lang='lat'>23</span> <span class='ocrx_word' id='word_1_119' title='bbox 1397 1842 1624 1896; x_wconf 86' lang='lat' dir='ltr'>natum</span> <span class='ocrx_word' id='word_1_120' title='bbox 1688 1853 1825 1896; x_wconf 87' lang='lat' dir='ltr'>esse</span> <span class='ocrx_word' id='word_1_121' title='bbox 1893 1835 2268 1915; x_wconf 80' lang='lat' dir='ltr'>conicimus,</span> <span class='ocrx_word' id='word_1_122' title='bbox 2317 1852 2465 1896; x_wconf 92' lang='lat' dir='ltr'>eum</span> <span class='ocrx_word' id='word_1_123' title='bbox 2515 1853 2683 1897; x_wconf 90' lang='lat' dir='ltr'>anno</span> <span class='ocrx_word' id='word_1_124' title='bbox 2731 1855 2787 1916; x_wconf 89' lang='lat' dir='ltr'>p.</span> 
     </span>
     <span class='ocr_line' id='line_1_16' title="bbox 441 1940 2791 2024; baseline -0 -20"><span class='ocrx_word' id='word_1_125' title='bbox 441 1942 582 2004; x_wconf 86' lang='lat' dir='ltr'>Chr.</span> <span class='ocrx_word' id='word_1_126' title='bbox 612 1943 1010 2005; x_wconf 87' lang='lat' dir='ltr'>tricesimum</span> <span class='ocrx_word' id='word_1_127' title='bbox 1047 1947 1304 2004; x_wconf 80' lang='lat' dir='ltr'>sextum</span> <span class='ocrx_word' id='word_1_128' title='bbox 1345 1948 1406 2003; x_wconf 88' lang='lat' dir='ltr'>et</span> <span class='ocrx_word' id='word_1_129' title='bbox 1444 1961 1494 2002; x_wconf 89' lang='lat' dir='ltr'>a.</span> <span class='ocrx_word' id='word_1_130' title='bbox 1519 1940 1606 2003; x_wconf 80' lang='lat'>20</span> <span class='ocrx_word' id='word_1_131' title='bbox 1647 1941 2211 2024; x_wconf 88' lang='lat' dir='ltr'>quadragesimum</span> <span class='ocrx_word' id='word_1_132' title='bbox 2249 1960 2494 2003; x_wconf 92' lang='lat' dir='ltr'>annum</span> <span class='ocrx_word' id='word_1_133' title='bbox 2516 1977 2598 1985; x_wconf 85' lang='lat'>—</span> <span class='ocrx_word' id='word_1_134' title='bbox 2624 1948 2791 2005; x_wconf 88' lang='lat' dir='ltr'>aeta-</span> 
     </span>
     <span class='ocr_line' id='line_1_17' title="bbox 439 2047 2788 2131; baseline -0.001 -20"><span class='ocrx_word' id='word_1_135' title='bbox 439 2058 572 2111; x_wconf 83' lang='lat' dir='ltr'>tem</span> <span class='ocrx_word' id='word_1_136' title='bbox 611 2048 985 2111; x_wconf 87' lang='lat' dir='ltr'>consulatus</span> <span class='ocrx_word' id='word_1_137' title='bbox 1045 2047 1399 2130; x_wconf 87' lang='lat' dir='ltr'>accipiendi</span> <span class='ocrx_word' id='word_1_138' title='bbox 1439 2047 1580 2129; x_wconf 92' lang='lat' dir='ltr'>lege</span> <span class='ocrx_word' id='word_1_139' title='bbox 1619 2047 2032 2110; x_wconf 87' lang='lat' dir='ltr'>constitutam</span> <span class='ocrx_word' id='word_1_140' title='bbox 2085 2083 2163 2092; x_wconf 91' lang='grc'>-</span> <span class='ocrx_word' id='word_1_141' title='bbox 2215 2047 2422 2129; x_wconf 85' lang='lat' dir='ltr'>egisse</span> <span class='ocrx_word' id='word_1_142' title='bbox 2460 2048 2788 2131; x_wconf 75' lang='lat' dir='ltr'>apparet2).</span> 
     </span>
    </p>

    <p class='ocr_par' dir='ltr' id='par_1_3' title="bbox 437 2154 2790 2663">
     <span class='ocr_line' id='line_1_18' title="bbox 616 2154 2788 2238; baseline -0.001 -20"><span class='ocrx_word' id='word_1_143' title='bbox 616 2155 713 2218; x_wconf 89' lang='lat' dir='ltr'>De</span> <span class='ocrx_word' id='word_1_144' title='bbox 752 2156 1100 2238; x_wconf 88' lang='lat' dir='ltr'>posteriore</span> <span class='ocrx_word' id='word_1_145' title='bbox 1149 2161 1363 2217; x_wconf 89' lang='lat' dir='ltr'>autem</span> <span class='ocrx_word' id='word_1_146' title='bbox 1409 2155 1580 2216; x_wconf 84' lang='lat' dir='ltr'>vitae</span> <span class='ocrx_word' id='word_1_147' title='bbox 1620 2154 1759 2216; x_wconf 91' lang='lat' dir='ltr'>eius</span> <span class='ocrx_word' id='word_1_148' title='bbox 1797 2160 1975 2235; x_wconf 90' lang='lat' dir='ltr'>parte</span> <span class='ocrx_word' id='word_1_149' title='bbox 2015 2155 2445 2237; x_wconf 83' lang='lat' dir='ltr'>comperimus</span> <span class='ocrx_word' id='word_1_150' title='bbox 2484 2176 2521 2217; x_wconf 91' lang='lat' dir='ltr'>a</span> <span class='ocrx_word' id='word_1_151' title='bbox 2555 2154 2788 2235; x_wconf 77' lang='lat' dir='ltr'>Tacite,</span> 
     </span>
     <span class='ocr_line' id='line_1_19' title="bbox 438 2260 2785 2345; baseline -0.002 -19"><span class='ocrx_word' id='word_1_152' title='bbox 438 2284 587 2326; x_wconf 85' lang='lat' dir='ltr'>eum</span> <span class='ocrx_word' id='word_1_153' title='bbox 636 2264 924 2325; x_wconf 86' lang='lat' dir='ltr'>maxima</span> <span class='ocrx_word' id='word_1_154' title='bbox 970 2264 1037 2324; x_wconf 91' lang='grc'>111</span> <span class='ocrx_word' id='word_1_155' title='bbox 1085 2262 1291 2345; x_wconf 84' lang='lat' dir='ltr'>gratia</span> <span class='ocrx_word' id='word_1_156' title='bbox 1333 2260 1572 2324; x_wconf 89' lang='lat' dir='ltr'>Tiberii</span> <span class='ocrx_word' id='word_1_157' title='bbox 1623 2260 1911 2323; x_wconf 91' lang='lat' dir='ltr'>Caesaris</span> <span class='ocrx_word' id='word_1_158' title='bbox 1959 2260 2160 2324; x_wconf 82' lang='lat' dir='ltr'>fuisse</span> <span class='ocrx_word' id='word_1_159' title='bbox 2209 2266 2271 2324; x_wconf 88' lang='lat' dir='ltr'>et</span> <span class='ocrx_word' id='word_1_160' title='bbox 2318 2280 2488 2323; x_wconf 91' lang='lat' dir='ltr'>anno</span> <span class='ocrx_word' id='word_1_161' title='bbox 2536 2282 2594 2344; x_wconf 92' lang='lat' dir='ltr'>p.</span> <span class='ocrx_word' id='word_1_162' title='bbox 2644 2260 2785 2323; x_wconf 92' lang='lat' dir='ltr'>Chr.</span> 
     </span>
     <span class='ocr_line' id='line_1_20' title="bbox 440 2367 2786 2451; baseline -0.002 -18"><span class='ocrx_word' id='word_1_163' title='bbox 440 2374 523 2434; x_wconf 65' lang='lat'>23⁶2</span> <span class='ocrx_word' id='word_1_164' title='bbox 574 2376 945 2434; x_wconf 87' lang='lat' dir='ltr'>accusatum</span> <span class='ocrx_word' id='word_1_165' title='bbox 996 2368 1073 2431; x_wconf 89' lang='lat' dir='ltr'>ab</span> <span class='ocrx_word' id='word_1_166' title='bbox 1121 2369 1242 2432; x_wconf 90' lang='lat' dir='ltr'>hoc</span> <span class='ocrx_word' id='word_1_167' title='bbox 1289 2370 1674 2451; x_wconf 85' lang='lat' dir='ltr'>imperatore</span> <span class='ocrx_word' id='word_1_168' title='bbox 1721 2386 1835 2450; x_wconf 88' lang='lat' dir='ltr'>per</span> <span class='ocrx_word' id='word_1_169' title='bbox 1883 2369 2219 2451; x_wconf 86' lang='lat' dir='ltr'>epistolam</span> <span class='ocrx_word' id='word_1_170' title='bbox 2259 2367 2598 2430; x_wconf 87' lang='lat' dir='ltr'>defensum</span> <span class='ocrx_word' id='word_1_171' title='bbox 2648 2386 2786 2431; x_wconf 88' lang='lat' dir='ltr'>esse</span> 
     </span>
     <span class='ocr_line' id='line_1_21' title="bbox 437 2475 2790 2562; baseline 0 -25"><span class='ocrx_word' id='word_1_172' title='bbox 437 2481 734 2562; x_wconf 87' lang='lat' dir='ltr'>»repetito</span> <span class='ocrx_word' id='word_1_173' title='bbox 791 2480 962 2541; x_wconf 89' lang='lat' dir='ltr'>inter</span> <span class='ocrx_word' id='word_1_174' title='bbox 1022 2497 1089 2539; x_wconf 89' lang='lat' dir='ltr'>se</span> <span class='ocrx_word' id='word_1_175' title='bbox 1147 2482 1340 2559; x_wconf 89' lang='lat' dir='ltr'>atque</span> <span class='ocrx_word' id='word_1_176' title='bbox 1389 2475 1637 2538; x_wconf 86' lang='lat' dir='ltr'>Cottam</span> <span class='ocrx_word' id='word_1_177' title='bbox 1686 2477 2004 2538; x_wconf 84' lang='lat' dir='ltr'>amicitiae</span> <span class='ocrx_word' id='word_1_178' title='bbox 2052 2477 2368 2559; x_wconf 86' lang='lat' dir='ltr'>principio</span> <span class='ocrx_word' id='word_1_179' title='bbox 2416 2475 2790 2558; x_wconf 87' lang='lat' dir='ltr'>crebrisque</span> 
     </span>
     <span class='ocr_line' id='line_1_22' title="bbox 440 2582 1519 2663; baseline -0.004 -17"><span class='ocrx_word' id='word_1_180' title='bbox 440 2588 579 2648; x_wconf 77' lang='lat' dir='ltr'>eius</span> <span class='ocrx_word' id='word_1_181' title='bbox 629 2585 858 2648; x_wconf 88' lang='lat' dir='ltr'>officiis</span> <span class='ocrx_word' id='word_1_182' title='bbox 907 2582 1519 2663; x_wconf 81' lang='lat' dir='ltr'>commemoratis«3).</span> 
     </span>
    </p>

    <p class='ocr_par' dir='ltr' id='par_1_4' title="bbox 436 2690 2783 2881">
     <span class='ocr_line' id='line_1_23' title="bbox 618 2690 2783 2772; baseline -0.002 -18"><span class='ocrx_word' id='word_1_183' title='bbox 618 2691 830 2754; x_wconf 88' lang='lat' dir='ltr'>Mores</span> <span class='ocrx_word' id='word_1_184' title='bbox 880 2693 1074 2754; x_wconf 89' lang='lat' dir='ltr'>huius</span> <span class='ocrx_word' id='word_1_185' title='bbox 1120 2691 1245 2751; x_wconf 72' lang='lat' dir='ltr'>viri</span> <span class='ocrx_word' id='word_1_186' title='bbox 1305 2691 1359 2750; x_wconf 89' lang='lat' dir='ltr'>si</span> <span class='ocrx_word' id='word_1_187' title='bbox 1406 2690 1811 2772; x_wconf 52' lang='lat' dir='ltr'>respicimus</span> <span class='ocrx_word' id='word_1_188' title='bbox 1858 2695 1930 2752; x_wconf 92' lang='lat' dir='ltr'>ut</span> <span class='ocrx_word' id='word_1_189' title='bbox 1977 2692 2044 2751; x_wconf 90' lang='lat' dir='ltr'>in</span> <span class='ocrx_word' id='word_1_190' title='bbox 2093 2690 2319 2770; x_wconf 84' lang='lat' dir='ltr'>Pauly.</span> <span class='ocrx_word' id='word_1_191' title='bbox 2369 2691 2698 2772; x_wconf 79' lang='lat' dir='ltr'>encyclop.</span> <span class='ocrx_word' id='word_1_192' title='bbox 2745 2690 2783 2749; x_wconf 92' lang='lat' dir='ltr'>l.</span> 
     </span>
     <span class='ocr_line' id='line_1_24' title="bbox 436 2795 2783 2881; baseline -0.003 -19"><span class='ocrx_word' id='word_1_193' title='bbox 436 2797 477 2862; x_wconf 97' lang='grc'>1.</span> <span class='ocrx_word' id='word_1_194' title='bbox 526 2800 598 2862; x_wconf 81' lang='lat' dir='ltr'>fit</span> <span class='ocrx_word' id='word_1_195' title='bbox 646 2818 858 2881; x_wconf 87' lang='lat' dir='ltr'>neque</span> <span class='ocrx_word' id='word_1_196' title='bbox 907 2818 989 2861; x_wconf 80' lang='lat' dir='ltr'>ex</span> <span class='ocrx_word' id='word_1_197' title='bbox 1036 2796 1148 2858; x_wconf 91' lang='lat' dir='ltr'>illo</span> <span class='ocrx_word' id='word_1_198' title='bbox 1188 2796 1392 2859; x_wconf 87' lang='lat' dir='ltr'>Persii</span> <span class='ocrx_word' id='word_1_199' title='bbox 1442 2795 1684 2858; x_wconf 90' lang='lat' dir='ltr'>scholio</span> <span class='ocrx_word' id='word_1_200' title='bbox 1734 2815 1928 2878; x_wconf 86' lang='lat' dir='ltr'>supra</span> <span class='ocrx_word' id='word_1_201' title='bbox 1977 2797 2235 2860; x_wconf 88' lang='lat' dir='ltr'>laudato</span> <span class='ocrx_word' id='word_1_202' title='bbox 2275 2815 2486 2879; x_wconf 91' lang='lat' dir='ltr'>neque</span> <span class='ocrx_word' id='word_1_203' title='bbox 2526 2815 2607 2858; x_wconf 63' lang='lat' dir='ltr'>ex⁴</span> <span class='ocrx_word' id='word_1_204' title='bbox 2645 2795 2783 2857; x_wconf 85' lang='lat' dir='ltr'>loco</span> 
     </span>
    </p>
   </div>
   <div class='ocr_carea' id='block_1_3' title="bbox 442 2989 2782 3239">
    <p class='ocr_par' dir='ltr' id='par_1_5' title="bbox 442 2989 2782 3239">
     <span class='ocr_line' id='line_1_25' title="bbox 584 2989 2782 3062; baseline -0.002 -15"><span class='ocrx_word' id='word_1_205' title='bbox 584 2996 622 3062; x_wconf 90' lang='lat'>¹)</span> <span class='ocrx_word' id='word_1_206' title='bbox 662 2994 827 3047; x_wconf 85' lang='lat' dir='ltr'>Tacit.</span> <span class='ocrx_word' id='word_1_207' title='bbox 868 2992 967 3045; x_wconf 87' lang='grc' dir='ltr'><strong>ΠΙ.</strong></span> <span class='ocrx_word' id='word_1_208' title='bbox 996 2995 1042 3044; x_wconf 73' lang='lat'>⁶2.</span> <span class='ocrx_word' id='word_1_209' title='bbox 1089 2995 1168 3044; x_wconf 75' lang='grc' dir='ltr'><strong>Π.</strong></span> <span class='ocrx_word' id='word_1_210' title='bbox 1242 2989 1464 3043; x_wconf 87' lang='lat' dir='ltr'>Henzen</span> <span class='ocrx_word' id='word_1_211' title='bbox 1500 2990 1752 3057; x_wconf 87' lang='lat' dir='ltr'>Inscript.</span> <span class='ocrx_word' id='word_1_212' title='bbox 1795 2994 1933 3044; x_wconf 74' lang='lat'>7419</span> <span class='ocrx_word' id='word_1_213' title='bbox 1972 2991 2056 3059; x_wconf 79' lang='grc' dir='ltr'><strong>ᾶβ.</strong></span> <span class='ocrx_word' id='word_1_214' title='bbox 2100 2991 2286 3046; x_wconf 89' lang='lat' dir='ltr'>bullet.</span> <span class='ocrx_word' id='word_1_215' title='bbox 2316 2991 2460 3044; x_wconf 87' lang='lat' dir='ltr'>arch.</span> <span class='ocrx_word' id='word_1_216' title='bbox 2505 2994 2639 3042; x_wconf 68' lang='lat'>1869</span> <span class='ocrx_word' id='word_1_217' title='bbox 2664 3005 2782 3057; x_wconf 82' lang='lat' dir='ltr'>pag.</span> 
     </span>
     <span class='ocr_line' id='line_1_26' title="bbox 442 3078 1937 3149; baseline -0.004 -12"><span class='ocrx_word' id='word_1_218' title='bbox 442 3089 556 3137; x_wconf 73' lang='lat'>122.</span> <span class='ocrx_word' id='word_1_219' title='bbox 635 3083 691 3136; x_wconf 74' lang='lat' dir='ltr'>C.</span> <span class='ocrx_word' id='word_1_220' title='bbox 729 3082 778 3135; x_wconf 86' lang='lat' dir='ltr'>J.</span> <span class='ocrx_word' id='word_1_221' title='bbox 818 3082 875 3135; x_wconf 87' lang='lat' dir='ltr'>L.</span> <span class='ocrx_word' id='word_1_222' title='bbox 915 3082 955 3134; x_wconf 92' lang='lat' dir='ltr'>I.</span> <span class='ocrx_word' id='word_1_223' title='bbox 996 3097 1116 3149; x_wconf 81' lang='lat' dir='ltr'>pag.</span> <span class='ocrx_word' id='word_1_224' title='bbox 1158 3084 1276 3134; x_wconf 72' lang='lat'>475.</span> <span class='ocrx_word' id='word_1_225' title='bbox 1352 3079 1454 3133; x_wconf 89' lang='lat' dir='ltr'>Dio</span> <span class='ocrx_word' id='word_1_226' title='bbox 1491 3078 1601 3132; x_wconf 88' lang='lat' dir='ltr'>ind.</span> <span class='ocrx_word' id='word_1_227' title='bbox 1640 3078 1732 3132; x_wconf 90' lang='lat' dir='ltr'>lib.</span> <span class='ocrx_word' id='word_1_228' title='bbox 1773 3078 1937 3132; x_wconf 74' lang='lat' dir='ltr'>LVII.</span> 
     </span>
     <span class='ocr_line' id='line_1_27' title="bbox 579 3168 1760 3239; baseline -0.006 -13"><span class='ocrx_word' id='word_1_229' title='bbox 579 3172 622 3226; x_wconf 70' lang='lat' dir='ltr'>‘2l</span> <span class='ocrx_word' id='word_1_230' title='bbox 660 3172 937 3225; x_wconf 80' lang='lat' dir='ltr'>Habemus</span> <span class='ocrx_word' id='word_1_231' title='bbox 976 3170 1146 3239; x_wconf 81' lang='lat' dir='ltr'>igitur</span> <span class='ocrx_word' id='word_1_232' title='bbox 1182 3170 1322 3222; x_wconf 89' lang='lat' dir='ltr'>hanc</span> <span class='ocrx_word' id='word_1_233' title='bbox 1361 3168 1760 3238; x_wconf 86' lang='lat' dir='ltr'>genealogiam:</span> 
     </span>
    </p>
   </div>
   <div class='ocr_carea' id='block_1_4' title="bbox 1134 3292 2076 3348">
    <p class='ocr_par' dir='ltr' id='par_1_6' title="bbox 1134 3292 2076 3348">
     <span class='ocr_line' id='line_1_28' title="bbox 1134 3292 2076 3348; baseline -0.002 0"><span class='ocrx_word' id='word_1_234' title='bbox 1134 3294 1207 3348; x_wconf 89' lang='lat' dir='ltr'>M.</span> <span class='ocrx_word' id='word_1_235' title='bbox 1248 3293 1501 3348; x_wconf 85' lang='lat' dir='ltr'>Valerius</span> <span class='ocrx_word' id='word_1_236' title='bbox 1537 3292 1775 3347; x_wconf 90' lang='lat' dir='ltr'>Messala</span> <span class='ocrx_word' id='word_1_237' title='bbox 1811 3292 2076 3346; x_wconf 83' lang='lat' dir='ltr'>Corvinus</span> 
     </span>
    </p>
   </div>
   <div class='ocr_carea' id='block_1_5' title="bbox 972 3391 1600 3416">
    <p class='ocr_par' dir='ltr' id='par_1_7' title="bbox 972 3391 1600 3416">
     <span class='ocr_line' id='line_1_29' title="bbox 972 3391 1600 3416; baseline 0 1453"><span class='ocrx_word' id='word_1_238' title='bbox 972 3391 1600 3416; x_wconf 95' lang='lat' dir='ltr'> </span> 
     </span>
    </p>
   </div>
   <div class='ocr_carea' id='block_1_6' title="bbox 430 3433 2788 3975">
    <p class='ocr_par' dir='ltr' id='par_1_8' title="bbox 430 3433 2788 3975">
     <span class='ocr_line' id='line_1_30' title="bbox 648 3433 2788 3492; baseline -0.002 0"><span class='ocrx_word' id='word_1_239' title='bbox 648 3439 722 3492; x_wconf 89' lang='lat' dir='ltr'>M.</span> <span class='ocrx_word' id='word_1_240' title='bbox 760 3439 1013 3492; x_wconf 86' lang='lat' dir='ltr'>Valerius</span> <span class='ocrx_word' id='word_1_241' title='bbox 1048 3437 1380 3491; x_wconf 87' lang='lat' dir='ltr'>Messalinus</span> <span class='ocrx_word' id='word_1_242' title='bbox 1613 3436 1685 3490; x_wconf 87' lang='lat' dir='ltr'>M.</span> <span class='ocrx_word' id='word_1_243' title='bbox 1703 3436 1959 3489; x_wconf 84' lang='lat' dir='ltr'>Aurelius</span> <span class='ocrx_word' id='word_1_244' title='bbox 1976 3435 2134 3488; x_wconf 85' lang='lat' dir='ltr'>Cotta</span> <span class='ocrx_word' id='word_1_245' title='bbox 2158 3434 2434 3489; x_wconf 86' lang='lat' dir='ltr'>Maximus</span> <span class='ocrx_word' id='word_1_246' title='bbox 2450 3433 2788 3489; x_wconf 75' lang='lat' dir='ltr'>Messalinus</span> 
     </span>
     <span class='ocr_line' id='line_1_31' title="bbox 430 3523 2398 3588; baseline -0.002 -20"><span class='ocrx_word' id='word_1_247' title='bbox 430 3545 524 3572; x_wconf 65' lang='lat' dir='ltr'>vus.</span> <span class='ocrx_word' id='word_1_248' title='bbox 566 3536 590 3570; x_wconf 86' lang='lat'><strong>3</strong></span> <span class='ocrx_word' id='word_1_249' title='bbox 629 3541 669 3569; x_wconf 80' lang='lat' dir='ltr'>a.</span> <span class='ocrx_word' id='word_1_250' title='bbox 709 3528 808 3569; x_wconf 87' lang='lat' dir='ltr'>Chr.</span> <span class='ocrx_word' id='word_1_251' title='bbox 851 3527 953 3574; x_wconf 90' lang='lat' dir='ltr'>(Dio</span> <span class='ocrx_word' id='word_1_252' title='bbox 981 3527 1072 3568; x_wconf 87' lang='lat' dir='ltr'>ind.</span> <span class='ocrx_word' id='word_1_253' title='bbox 1102 3525 1200 3568; x_wconf 66' lang='lat' dir='ltr'>LV.</span> <span class='ocrx_word' id='word_1_254' title='bbox 1248 3526 1365 3567; x_wconf 77' lang='lat' dir='ltr'>Mon.</span> <span class='ocrx_word' id='word_1_255' title='bbox 1415 3527 1582 3577; x_wconf 58' lang='lat' dir='ltr'>Ancyr.</span> <span class='ocrx_word' id='word_1_256' title='bbox 2023 3536 2114 3588; x_wconf 68' lang='lat' dir='ltr'>vos.</span> <span class='ocrx_word' id='word_1_257' title='bbox 2146 3530 2197 3568; x_wconf 84' lang='lat'>20</span> <span class='ocrx_word' id='word_1_258' title='bbox 2225 3537 2267 3579; x_wconf 84' lang='lat' dir='ltr'>p.</span> <span class='ocrx_word' id='word_1_259' title='bbox 2299 3523 2398 3567; x_wconf 87' lang='lat' dir='ltr'>Chr.</span> 
     </span>
     <span class='ocr_line' id='line_1_32' title="bbox 439 3597 1581 3654; baseline -0.003 -13"><span class='ocrx_word' id='word_1_260' title='bbox 439 3602 512 3643; x_wconf 83' lang='grc' dir='ltr'><strong>ΙΙΙ.</strong></span> <span class='ocrx_word' id='word_1_261' title='bbox 553 3606 604 3643; x_wconf 81' lang='lat'>‘29</span> <span class='ocrx_word' id='word_1_262' title='bbox 641 3618 691 3654; x_wconf 44' lang='grc' dir='ltr'><strong>ε</strong></span> <span class='ocrx_word' id='word_1_263' title='bbox 730 3598 777 3641; x_wconf 89' lang='lat' dir='ltr'>C.</span> <span class='ocrx_word' id='word_1_264' title='bbox 824 3598 866 3642; x_wconf 85' lang='lat' dir='ltr'>J.</span> <span class='ocrx_word' id='word_1_265' title='bbox 916 3598 967 3639; x_wconf 92' lang='lat' dir='ltr'>L.</span> <span class='ocrx_word' id='word_1_266' title='bbox 1016 3597 1106 3640; x_wconf 83' lang='lat' dir='ltr'>vol.</span> <span class='ocrx_word' id='word_1_267' title='bbox 1156 3597 1234 3650; x_wconf 87' lang='lat'>111,</span> <span class='ocrx_word' id='word_1_268' title='bbox 1266 3603 1305 3639; x_wconf 80' lang='lat'>2.</span> <span class='ocrx_word' id='word_1_269' title='bbox 1346 3609 1445 3651; x_wconf 83' lang='lat' dir='ltr'>pag.</span> <span class='ocrx_word' id='word_1_270' title='bbox 1485 3602 1581 3648; x_wconf 73' lang='grc'>792,</span> 
     </span>
     <span class='ocr_line' id='line_1_33' title="bbox 889 3669 1160 3738; baseline 0 -27"><span class='ocrx_word' id='word_1_271' title='bbox 889 3669 983 3712; x_wconf 72' lang='lat' dir='ltr'>rib.</span> <span class='ocrx_word' id='word_1_272' title='bbox 1015 3669 1072 3738; x_wconf 76' lang='grc'>11,</span> <span class='ocrx_word' id='word_1_273' title='bbox 1105 3671 1160 3721; x_wconf 82' lang='lat'>5).</span> 
     </span>
     <span class='ocr_line' id='line_1_34' title="bbox 524 3741 2482 3890; baseline -0.006 0"><span class='ocrx_word' id='word_1_274' title='bbox 524 3879 537 3890; x_wconf 90' lang='lat'>.</span> <span class='ocrx_word' id='word_1_275' title='bbox 656 3832 729 3886; x_wconf 88' lang='lat' dir='ltr'>M.</span> <span class='ocrx_word' id='word_1_276' title='bbox 769 3741 1031 3885; x_wconf 62' lang='lat' dir='ltr'>Valeriusfi</span> <span class='ocrx_word' id='word_1_277' title='bbox 1060 3829 1389 3883; x_wconf 84' lang='lat' dir='ltr'>Messalinus</span> <span class='ocrx_word' id='word_1_278' title='bbox 1922 3828 1994 3879; x_wconf 84' lang='lat' dir='ltr'>M.</span> <span class='ocrx_word' id='word_1_279' title='bbox 2036 3827 2290 3880; x_wconf 85' lang='lat' dir='ltr'>Aurelius</span> <span class='ocrx_word' id='word_1_280' title='bbox 2328 3826 2482 3881; x_wconf 84' lang='lat' dir='ltr'>Cotta</span> 
     </span>
     <span class='ocr_line' id='line_1_35' title="bbox 433 3914 2410 3975; baseline -0.002 -15"><span class='ocrx_word' id='word_1_281' title='bbox 433 3937 525 3963; x_wconf 68' lang='lat' dir='ltr'>vus.</span> <span class='ocrx_word' id='word_1_282' title='bbox 558 3929 607 3963; x_wconf 68' lang='lat' dir='ltr'>zo</span> <span class='ocrx_word' id='word_1_283' title='bbox 636 3935 678 3975; x_wconf 85' lang='lat' dir='ltr'>p.</span> <span class='ocrx_word' id='word_1_284' title='bbox 711 3921 808 3962; x_wconf 88' lang='lat' dir='ltr'>Chr.</span> <span class='ocrx_word' id='word_1_285' title='bbox 843 3919 963 3970; x_wconf 83' lang='lat' dir='ltr'>(Tac.</span> <span class='ocrx_word' id='word_1_286' title='bbox 996 3919 1074 3971; x_wconf 83' lang='grc' dir='ltr'>ΠΙ,</span> <span class='ocrx_word' id='word_1_287' title='bbox 1106 3924 1145 3962; x_wconf 84' lang='grc'><strong>2.</strong></span> <span class='ocrx_word' id='word_1_288' title='bbox 1178 3920 1224 3960; x_wconf 66' lang='lat' dir='ltr'>C.</span> <span class='ocrx_word' id='word_1_289' title='bbox 1254 3918 1295 3959; x_wconf 82' lang='lat' dir='ltr'>J.</span> <span class='ocrx_word' id='word_1_290' title='bbox 1327 3917 1377 3959; x_wconf 91' lang='lat' dir='ltr'>L.</span> <span class='ocrx_word' id='word_1_291' title='bbox 1410 3918 1445 3970; x_wconf 74' lang='grc' dir='ltr'>Ι,</span> <span class='ocrx_word' id='word_1_292' title='bbox 1478 3921 1589 3968; x_wconf 74' lang='grc'><strong>475).</strong></span> <span class='ocrx_word' id='word_1_293' title='bbox 1979 3914 2136 3956; x_wconf 60' lang='lat' dir='ltr'>‹Tac-it.</span> <span class='ocrx_word' id='word_1_294' title='bbox 2167 3915 2292 3967; x_wconf 76' lang='lat' dir='ltr'>XIII,</span> <span class='ocrx_word' id='word_1_295' title='bbox 2322 3918 2410 3967; x_wconf 80' lang='lat'>34.)</span> 
     </span>
    </p>
   </div>
   <div class='ocr_carea' id='block_1_7' title="bbox 1025 3985 1029 4077">
    <p class='ocr_par' dir='ltr' id='par_1_9' title="bbox 1025 3985 1029 4077">
     <span class='ocr_line' id='line_1_36' title="bbox 1025 3985 1029 4077; baseline 0 0"><span class='ocrx_word' id='word_1_296' title='bbox 1025 3985 1029 4077; x_wconf 82' lang='grc' dir='ltr'>Ι</span> 
     </span>
    </p>
   </div>
   <div class='ocr_carea' id='block_1_8' title="bbox 430 4079 1576 4292">
    <p class='ocr_par' dir='ltr' id='par_1_10' title="bbox 430 4079 1576 4292">
     <span class='ocr_line' id='line_1_37' title="bbox 552 4079 1493 4136; baseline -0.006 0"><span class='ocrx_word' id='word_1_297' title='bbox 552 4082 624 4136; x_wconf 78' lang='lat' dir='ltr'>M.</span> <span class='ocrx_word' id='word_1_298' title='bbox 664 4080 919 4136; x_wconf 79' lang='lat' dir='ltr'>Valerius</span> <span class='ocrx_word' id='word_1_299' title='bbox 956 4080 1193 4133; x_wconf 88' lang='lat' dir='ltr'>Messala</span> <span class='ocrx_word' id='word_1_300' title='bbox 1230 4079 1493 4132; x_wconf 81' lang='lat' dir='ltr'>Corvinus</span> 
     </span>
     <span class='ocr_line' id='line_1_38' title="bbox 430 4166 1576 4221; baseline -0.007 -7"><span class='ocrx_word' id='word_1_301' title='bbox 430 4187 521 4214; x_wconf 66' lang='lat' dir='ltr'>eos.</span> <span class='ocrx_word' id='word_1_302' title='bbox 557 4177 604 4213; x_wconf 73' lang='lat'>58</span> <span class='ocrx_word' id='word_1_303' title='bbox 635 4170 791 4215; x_wconf 75' lang='lat' dir='ltr'>(Tacit.</span> <span class='ocrx_word' id='word_1_304' title='bbox 823 4169 947 4221; x_wconf 80' lang='lat' dir='ltr'>xm,</span> <span class='ocrx_word' id='word_1_305' title='bbox 977 4175 1026 4211; x_wconf 81' lang='lat'>34</span> <span class='ocrx_word' id='word_1_306' title='bbox 1057 4170 1172 4209; x_wconf 84' lang='lat' dir='ltr'>Acta</span> <span class='ocrx_word' id='word_1_307' title='bbox 1200 4168 1319 4208; x_wconf 82' lang='lat' dir='ltr'>fratr.</span> <span class='ocrx_word' id='word_1_308' title='bbox 1350 4166 1499 4208; x_wconf 81' lang='lat' dir='ltr'>Arvnl.</span> <span class='ocrx_word' id='word_1_309' title='bbox 1532 4167 1576 4207; x_wconf 88' lang='lat' dir='ltr'>in</span> 
     </span>
     <span class='ocr_line' id='line_1_39' title="bbox 645 4240 1384 4292; baseline -0.007 -8"><span class='ocrx_word' id='word_1_310' title='bbox 645 4244 691 4284; x_wconf 79' lang='lat' dir='ltr'>C.</span> <span class='ocrx_word' id='word_1_311' title='bbox 722 4243 763 4283; x_wconf 87' lang='lat' dir='ltr'>J.</span> <span class='ocrx_word' id='word_1_312' title='bbox 795 4241 846 4282; x_wconf 85' lang='lat' dir='ltr'>L.</span> <span class='ocrx_word' id='word_1_313' title='bbox 878 4240 957 4292; x_wconf 68' lang='lat' dir='ltr'>vt,</span> <span class='ocrx_word' id='word_1_314' title='bbox 989 4245 1093 4284; x_wconf 77' lang='lat'>2039</span> <span class='ocrx_word' id='word_1_315' title='bbox 1124 4251 1215 4290; x_wconf 72' lang='lat' dir='ltr'>seq.</span> <span class='ocrx_word' id='word_1_316' title='bbox 1236 4243 1384 4290; x_wconf 74' lang='lat'>2034).</span> 
     </span>
    </p>
   </div>
   <div class='ocr_carea' id='block_1_9' title="bbox 574 4312 1015 4376">
    <p class='ocr_par' dir='ltr' id='par_1_11' title="bbox 574 4312 1015 4376">
     <span class='ocr_line' id='line_1_40' title="bbox 574 4312 1015 4376; baseline 0 -14"><span class='ocrx_word' id='word_1_317' title='bbox 574 4315 615 4362; x_wconf 64' lang='lat'>³³</span> <span class='ocrx_word' id='word_1_318' title='bbox 654 4318 793 4366; x_wconf 83' lang='lat' dir='ltr'>Anu.</span> <span class='ocrx_word' id='word_1_319' title='bbox 834 4312 927 4376; x_wconf 75' lang='lat' dir='ltr'>Vl.</span> <span class='ocrx_word' id='word_1_320' title='bbox 970 4318 1015 4363; x_wconf 76' lang='grc' dir='ltr'>ἴ).</span> 
     </span>
    </p>
   </div>
  </div>
 </body>
</html>
