3123 4869
1412 232 1844 291 -38—

456 418 519 475 et
566 431 757 474 versu
804 412 1204 493 insequenti:

880 517 1142 599 »Meque
1191 516 1385 579 simul
1434 536 1618 579 serva.
1665 515 2113 596 iudiciumque
2161 520 2376 576 tuum«

456 626 535 687 ad
583 625 761 687 illius
811 625 1052 707 elegiae
1101 645 1157 684 v,
1214 626 1292 685 15
1343 642 1498 704 seq.:

1999 736 2090 789 »at
2138 747 2311 789 nunc

927 836 1029 899 Me
1077 838 1315 919 pariter
1365 855 1551 899 serva
1599 836 2052 916 iudiciumque
2100 842 2313 896 tuum«

458 947 745 1009 alludere
813 945 1070 1006 videtur
1151 944 1229 1006 de
1290 944 1641 1022 industria,
1718 947 1791 1004 ut
1851 942 2324 1003 adhortationes
2403 941 2546 1003 illas
2613 941 2804 1004 faciat

457 1054 883 1115 instantiores,

634 1157 753 1220 His
793 1160 1004 1220 causis
1044 1158 1303 1220 adducti
1345 1177 1592 1236 sumus,
1634 1162 1704 1218 ut
1740 1156 1885 1217 illas
1925 1154 2527 1237 quatuorTristium
2567 1155 2805 1237 elegias

455 1268 668 1328 Attico
717 1256 1165 1327 inscribamus,
1270 1262 1395 1338 Qui
1459 1269 1677 1326 autem
1734 1262 1975 1324 factum
2026 1263 2133 1342 sit,
2198 1268 2271 1323 ut
2331 1263 2806 1343 »intempestivi

454 1378 775 1435 tumores«
840 1371 1045 1454 (Trist.
1109 1371 1186 1445 V,
1244 1372 1301 1450 6,
1358 1391 1416 1432 v.
1475 1370 1587 1452 45)
1653 1370 1854 1432 Attici
1933 1371 2224 1431 animum
2293 1370 2655 1449 tenuerint,
2723 1389 2806 1432 ex

458 1478 669 1541 Ovidii
720 1477 1117 1540 carminibus
1165 1497 1296 1538 non
1359 1478 1826 1559 cognoscimus.
1929 1475 2004 1537 Id
2062 1485 2278 1537 tamen
2340 1475 2595 1538 videtur
2656 1496 2808 1537 con-

457 1592 641 1657 stare,
690 1604 821 1647 non
882 1586 1306 1646 commovisse
1368 1584 1542 1645 hunc
1590 1584 1804 1645 virum
1853 1584 2148 1661 timores,
2208 1588 2278 1644 ut
2336 1581 2636 1644 Loersius
2684 1584 2807 1645 isto

455 1693 595 1753 loco
636 1692 921 1753 codicem
943 1689 1389 1752 Florentinum
1431 1696 1692 1752 secutus
1730 1691 1987 1771 recepit,
2025 1709 2107 1752 ne
2146 1690 2213 1751 in
2255 1690 2476 1751 odium
2518 1687 2808 1752 Caesaris

461 1800 727 1877 veniret,
776 1798 946 1879 quod
999 1797 1178 1858 nullo
1228 1799 1395 1877 loco,
1457 1799 1624 1859 sicut
1685 1816 1872 1878 saepe
1936 1798 2002 1857 in
2059 1797 2203 1858 aliis
2262 1795 2661 1859 carminibus
2717 1796 2809 1876 fit,

464 1905 805 1967 clementia
852 1904 1132 1986 Augusti
1182 1906 1559 1986 proponitur
1607 1910 1670 1966 et
1714 1903 2049 1985 laudatur.
2096 1904 2206 1984 qui
2255 1905 2501 1965 nemini
2549 1912 2811 1985 propter

453 2012 645 2074 fidem
697 2013 902 2073 amico
952 2017 1268 2073 servatam
1320 2012 1648 2073 irascatur.

634 2120 721 2180 At
778 2121 902 2180 iam
966 2119 1120 2180 satis
1184 2119 1425 2181 dictum
1486 2124 1582 2180 est
1644 2118 1722 2179 de
1770 2118 2016 2195 Attico,
2082 2124 2483 2199 transeamus
2544 2123 2616 2179 ut
2674 2123 2812 2179 crat

454 2228 855 2310 propositum
905 2225 986 2286 ad
1034 2224 1330 2287 Brutum.

1453 2599 1807 2679 Brutus,

637 2795 718 2857 M.
775 2794 817 2856 J
825 2796 1051 2856 unium
1119 2794 1428 2873 Brutum,
1494 2794 1784 2856 Caesaris
1845 2814 2288 2877 percussorem
2352 2795 2810 2878 Ciceronisque

459 2904 737 2965 amicum
801 2920 1013 2983 neque
1072 2923 1108 2964 a
1157 2901 1451 2981 Claudia,
1521 2902 1694 2983 Appi
1744 2899 1970 2964 Claudi
2034 2922 2157 2964 cos
2207 2903 2360 2964 anni
2409 2923 2460 2964 a.
2511 2901 2650 2964 Chr.
2702 2906 2811 2983 54,

457 3029 669 3090 neque
718 3029 752 3071 a
800 3008 1046 3089 Porcia,
1096 3008 1353 3070 Catonis
1400 3007 1728 3071 Uticensis
1775 3007 1939 3090 filia,
2009 3008 2322 3070 uxoribus
2371 3011 2531 3088 suis,
2595 3008 2809 3072 filium

458 3116 779 3198 accepisse
828 3117 996 3179 inter
1041 3117 1214 3178 viros
1277 3116 1497 3177 doctos
1544 3115 1806 3177 videtur
1867 3123 2158 3178 constare
2181 3115 2241 3197 1).
2343 3115 2594 3198 Itaque,
2656 3136 2808 3179 cum

461 3229 629 3285 esset
677 3223 847 3304 apud
886 3222 1217 3305 Philippos
1265 3228 1579 3301 mortuuS,
1627 3222 1782 3284 haec
1829 3224 2037 3304 gentis
2075 3222 2117 3283 J
2124 3223 2313 3284 uniae
2351 3242 2497 3303 pars
2546 3226 2813 3287 evanuit

457 3349 669 3410 neque
717 3335 936 3411 postea
987 3329 1103 3391 ulli
1163 3330 1285 3390 nisi
1324 3328 1510 3390 Junii
1550 3328 1772 3408 Silani,
1820 3330 1932 3410 qui
1971 3329 2256 3391 maxima
2294 3329 2463 3409 apud
2505 3327 2810 3393 Caesares

458 3436 834 3497 auctoritate
881 3434 1270 3515 floruerunt,
1337 3456 1374 3496 a
1421 3435 1747 3498 veteribus
1810 3434 2227 3516 scriptoribus
2285 3442 2346 3497 et
2412 3436 2479 3496 in
2538 3438 2810 3520 inscrip-

456 3541 742 3603 tionibus
809 3547 1408 3604 commemorantur.
1513 3541 1675 3604 Jure
1737 3543 1935 3624 igitur
1991 3543 2335 3620 miramur,
2402 3543 2572 3624 quod
2642 3531 2809 3606 inter

458 3647 667 3710 Ovidii
722 3650 960 3710 amicos
1008 3649 1289 3730 Augusti
1339 3653 1543 3710 aetate
1591 3648 1868 3710 Brutum
1929 3648 2253 3729 quendam
2314 3650 2682 3712 invenimus
2746 3657 2809 3713 et

459 3755 631 3836 quod
696 3755 775 3817 de
841 3755 959 3816 hoc
1019 3756 1156 3816 viro
1220 3755 1326 3816 alii
1388 3757 1738 3837 scriptores.
1777 3775 2040 3836 prorsus
2106 3761 2347 3835 tacent,
2412 3777 2805 3838 quamquam

458 3881 605 3924 eum
656 3862 882 3924 intima
919 3863 1352 3924 familiaritate
1400 3881 1547 3923 cum
1588 3863 1872 3944 Augusti
1922 3861 2109 3923 ‹lomo
2150 3863 2567 3925 coniunctum
2605 3863 2806 3926 fnisse

457 3969 867 4049 multumque
907 3968 1079 4051 apud
1125 3969 1299 4030 illam
1339 3969 1639 4049 valuisse,
1687 3968 2100 4031 manifestum
2150 3975 2259 4032 est.
2327 3969 2401 4030 Id
2442 3971 2610 4032 enim
2652 3971 2805 4032 satis

457 4081 735 4158 apparet,
785 4094 865 4137 ex
915 4094 1071 4137 sono
1121 4080 1183 4137 et
1232 4075 1452 4155 niodo,
1515 4096 1641 4156 quo
1701 4073 1972 4137 Ovidius
2041 4077 2104 4137 in
2146 4077 2437 4157 epistulis
2497 4076 2575 4138 ad
2633 4077 2805 4138 hunc

604 4270 642 4332 ¹)
684 4268 748 4318 cf.
789 4267 834 4318 1)
852 4285 1138 4320 rumann.
1181 4270 1213 4322 l.
1256 4269 1287 4320 l.
1332 4269 1432 4321 vol.
1471 4270 1564 4320 IV.
1606 4286 1723 4336 pag.
1767 4275 1848 4321 44.
1893 4272 2085 4322 Adnot.
2125 4274 2207 4321 63.
