3123 4869
1304 313 1744 373 -25—

349 488 614 545 matrem
638 503 843 555 suam,
880 486 1097 548 Atiam
1120 489 1453 569 minorem,
1485 509 1632 552 cum
1655 491 1936 573 Augusti
1955 492 2196 556 familia
2219 497 2695 578 propinquitate

350 596 482 652 erat
531 592 889 654 coniuncta.
986 591 1194 667 Quam
1243 596 1320 657 ad
1368 615 1503 659 rem
1554 603 1797 679 spectat
1845 597 2115 661 Ovidius
2172 602 2238 662 in
2299 603 2549 684 epistul.
2613 623 2692 667 ex

348 696 552 760 Ponto
599 696 649 775 I,
698 700 754 759 2.
804 719 862 759 v.
917 702 1039 762 137
1091 719 1291 783 seqq:

437 839 650 902 »Hanc
697 841 922 924 probat
970 852 1032 906 et
1077 845 1284 925 primo
1335 844 1632 908 dilectam
1682 866 1933 929 semper
1979 847 2057 910 ab
2112 869 2267 912 aevo

438 946 552 1010 Est
600 949 766 1010 inter
813 950 1078 1012 comites
1125 948 1366 1014 Marcia
1414 971 1605 1015 censa
1652 973 1817 1033 01100,

436 1054 646 1136 Inque
695 1056 828 1116 suis
876 1055 1099 1118 habuit
1146 1063 1487 1120 matertera
1536 1058 1823 1123 Caesaris
1872 1068 2043 1124 ante:

440 1160 726 1252 Quarum
767 1163 1007 1225 iudicio
1048 1165 1098 1239 si
1143 1185 1269 1246 qua
1315 1166 1597 1248 probata,
1643 1167 1842 1249 proba
1891 1175 2021 1230 est«
2068 1175 2131 1231 et
2177 1169 2338 1232 Fast.
2391 1170 2501 1238 VI.
2552 1173 2695 1234 802.

275 1321 280 1324 ·
348 1306 578 1387 Itaque
622 1306 811 1368 facile
868 1307 1322 1390 intellegimus,
1370 1328 1487 1371 cur
1530 1309 1774 1372 Marcia
1809 1309 2050 1389 Liviae,
2116 1312 2399 1394 Augusti
2457 1316 2697 1391 uxoris.

348 1415 577 1475 intima
623 1413 834 1475 fuerit.
930 1412 1137 1488 Quam
1186 1414 1591 1478 familiariter
1637 1422 1852 1479 autem
1900 1417 2170 1481 Paullus
2207 1418 2445 1482 Fabius
2491 1419 2699 1482 Maxi-

348 1522 496 1582 mus
534 1520 832 1603 Augusto
873 1541 1030 1583 usus
1079 1520 1176 1602 sit,
1225 1523 1461 1604 optime
1501 1541 1583 1585 ex
1624 1542 1715 1599 00,
1764 1524 1936 1605 quod
1976 1524 2054 1588 de
2099 1533 2305 1588 morte
2342 1526 2537 1589 huius
2576 1530 2698 1589 viri

350 1627 639 1696 traditur,
696 1614 969 1709 apparet.
1048 1627 1209 1691 Cum
1249 1630 1423 1691 enim
1465 1620 1802 1713 Augustus
1846 1649 1928 1693 ex
1966 1632 2196 1694 itinere
2233 1633 2363 1712 1110,
2407 1635 2575 1716 quod
2620 1636 2700 1697 ad

349 1734 693 1796 visendum
722 1734 1076 1818 Agrippam
1114 1734 1495 1799 Postumum
1534 1743 1829 1819 nepotem
1859 1736 2222 1802 Planasiam
2262 1744 2700 1823 susceperat1ss),

352 1848 415 1903 et
462 1842 530 1902 111
581 1861 724 1923 quc.
773 1848 846 1903 ut
890 1843 1019 1904 iam
1057 1862 1251 1926 supra
1289 1843 1597 1923 diximuS,
1635 1843 1873 1907 Fabius
1912 1863 2059 1906 eum
2098 1864 2309 1908 comes
2356 1866 2529 1910 unus
2568 1856 2701 1911 erat

351 1954 756 2031 p1·osecutuS‚
821 1947 1090 2011 Romam
1137 1968 1434 2013 reversus
1494 1957 1689 2028 esset,
1753 1949 1991 2013 Fabius
2057 1950 2364 2015 Marciam
2431 1974 2703 2017 uxorem

353 2057 689 2117 certiorem
807 2056 958 2118 fecit
1079 2056 1156 2119 de
1259 2056 1653 2140 benignitate
1751 2062 1813 2120 et
1915 2057 2389 2136 benevolentia,
2510 2082 2698 2143 quam

355 2160 586 2223 Caesar
634 2181 785 2245 erga
839 2169 1135 2245 nepotem
1190 2165 1591 2246 praestiterat
1609 2166 1674 2243 2).
1770 2162 1953 2239 Quod
2011 2164 2125 2227 illa
2169 2164 2391 2230 Liviae
2438 2170 2702 2251 aperuit.

353 2267 531 2330 Haec
571 2274 783 2331 autem
821 2270 1193 2352 Augustum
1231 2271 1648 2354 appellavit3),
1689 2271 1819 2352 qui,
1857 2290 2006 2332 cum
2045 2271 2121 2335 de
2158 2271 2355 2360 Fabio
2395 2275 2704 2357 suspicio-

349 2395 500 2439 nem
555 2376 832 2456 haberet‚
888 2377 982 2439 illi
1043 2383 1137 2441 001
1200 2379 1483 2456 11011104).
1577 2377 1805 2460 Itaque
1866 2396 2013 2441 cum
2060 2378 2329 2443 Paullus
2375 2379 2701 2444 Maximus

351 2484 567 2566 paullo
614 2490 831 2567 postea
882 2484 1049 2547 diem
1089 2484 1293 2548 obiret
1330 2504 1721 2567 supremum,
1759 2504 1909 2547 eum
1945 2486 2069 2548 sibi
2106 2506 2371 2550 manum
2406 2489 2702 2551 intulisse

350 2592 662 2673 putabant
717 2592 793 2673 (a.
845 2612 902 2673 p.
955 2590 1094 2653 Chr.
1150 2594 1272 2671 14).
1366 2592 1442 2654 Id
1489 2599 1703 2655 autem
1750 2599 2030 2675 tempore
2078 2595 2246 2656 inter
2312 2613 2459 2657 eum
2517 2594 2702 2674 diem,
2753 2676 2757 2680 .

356 2699 466 2779 qui
513 2698 635 2759 fuit
694 2699 899 2780 pridie
960 2698 1115 2760 Idus
1171 2698 1375 2762 Maias
1423 2706 1484 2762 et
1543 2699 1711 2763 diem
1768 2699 1932 2761 XIV
1981 2699 2291 2764 Calendas
2350 2700 2699 2783 Septembr.

349 2803 587 2866 factum
630 2824 784 2884 0000,
825 2806 965 2868 ideo
1004 2807 1144 2868 iure
1184 2807 1474 2869 conicere
1513 2827 1873 2889 possumus,
1924 2808 2095 2889 quod
2132 2808 2244 2869 illo
2294 2808 2395 2870 die
2433 2807 2701 2870 Paullus

355 3109 539 3158 autem
577 3105 883 3159 Boeckhius
936 3123 1060 3159 011111
1109 3108 1165 3159 111
1206 3107 1260 3160 C.
1301 3107 1349 3159 J.
1393 3106 1625 3191 Gnvol.
1663 3107 1718 3159 Π
1754 3123 1874 3175 pag.
1915 3111 2018 3159 442
2065 3108 2161 3160 hos
2200 3108 2334 3160 duos
2371 3107 2429 3159 L.
2468 3105 2701 3159 Marc-ios

352 3193 630 3263 Philippos
679 3195 959 3248 confundit
1018 3198 1072 3248 et
1118 3199 1279 3263 putat
1324 3195 1641 3263 Philippum
1690 3198 1899 3263 patrem
1944 3194 2211 3263 Marciae,
2265 3212 2388 3249 cum
2434 3194 2585 3248 illam
2634 3211 2701 3246 ex

355 3283 460 3338 alio
499 3284 747 3353 coniugio
785 3285 1078 3354 genuisset,
1115 3300 1344 3337 uxorem
1371 3284 1591 3337 duxisse
1616 3288 1845 3337 matrem
1872 3282 2176 3350 Octaviani.
2217 3285 2402 3337 Atiam
2428 3283 2697 3335 maiorem.

503 3392 536 3458 ¹)
587 3393 652 3444 de
707 3392 873 3445 huius
933 3384 1148 3444 itineris
1209 3408 1372 3445 causa
1424 3391 1757 3445 Plutarchus
1815 3391 1851 3444 1.
1902 3408 1945 3444 0.
1998 3390 2134 3445 haec
2186 3392 2365 3444 affert:
2438 3388 2701 3458 Φούλβιος

355 3478 412 3532 δὲ
452 3478 476 3533 ὁ
519 3480 788 3548 Καίσαρος
825 3475 1029 3548 ἑταῖρος
1066 3485 1157 3534 τοῦ
1200 3483 1509 3551 Σεβαστοῦ,
1550 3482 1791 3550 γέροντος
1835 3478 1943 3548 ἤδη
1982 3476 2258 3548 γεγονότος
2297 3477 2533 3540 οἰκούσας
2578 3476 2698 3530 ὀδυ-

355 3570 570 3639 ρομένου
597 3568 691 3637 τὴν
718 3569 836 3636 περί
875 3567 965 3623 τὀν
994 3562 1051 3624 οἶ
1058 3589 1148 3623 κον
1188 3570 1429 3637 ἐρημίαν,
1469 3570 1560 3624 καὶ
1601 3569 1683 3624 ὅτι
1721 3573 1823 3623 τῶν
1863 3567 1954 3636 μὲν
1993 3572 2134 3622 δυοῖν
2172 3571 2497 3637 Βυγατριδῶν
2538 3565 2698 3620 αὐτοῦ

356 3657 726 3725 ἀπολωλότων,
772 3660 1112 3727 Ποστουμίου
1149 3657 1224 3725 δὲ,
1267 3656 1326 3720 ὃς
1365 3659 1440 3713 ἔτι
1478 3658 1660 3721 λοιπός
1700 3660 1862 3725 ἐστιν,
1905 3660 1963 3712 ἐκ
2002 3661 2257 3728 διαβολῆς
2294 3676 2427 3718 τινος
2467 3657 2515 3709 ἐν
2555 3659 2697 3724 φυγῇ

357 3746 522 3814 ὄντος,
559 3746 914 3816 ἀναγκάζεται
953 3747 1042 3802 τὸν
1083 3752 1179 3816 τῆς
1217 3748 1464 3817 γυναικὸς
1513 3746 1637 3802 υἱὸν
1678 3746 1969 3817 ἐπεισάγειν
1996 3750 2062 3817 τῇ
2105 3749 2329 3815 διαδοχῇ
2371 3750 2467 3813 τῆς
2505 3744 2699 3813 ἡγεμο-

355 3838 492 3904 νίας,
532 3839 720 3904 καίπερ
761 3838 1026 3905 οἰκτείρων
1066 3837 1156 3891 καὶ
1197 3835 1575 3907 βουλευόμενος
1616 3837 1673 3892 ἐκ
1710 3841 1808 3904 τῆς
1845 3834 2129 3903 ὑπερορίας
2177 3833 2563 3889 ἀνακαλεῐσξῐαι
2609 3834 2699 3885 τὸν

357 3929 716 3994 ἓτυγατριδοῦν.

497 4034 538 4102 ²)
576 4034 741 4087 Tacit.
782 4036 919 4086 Anu.
959 4033 1001 4100 Ι,
1045 4040 1098 4087 5:
1136 4034 1369 4087 »Multas
1408 4034 1523 4087 illic
1550 4021 1826 4101 utrimque
1865 4032 2117 4086 lacrimas
2157 4034 2211 4084 et
2249 4031 2409 4101 signa·
2431 4029 2699 4095 caritatiS,

356 4140 611 4191 spemque
651 4140 717 4175 ex
755 4139 844 4189 00,
882 4124 1016 4188 fore,
1055 4125 1119 4176 ut
1156 4124 1373 4175 iuvenis
1412 4122 1782 4190 penetralibus
1822 4121 1912 4175 avi
1949 4121 2308 4173 redderetunc

499 4231 539 4298 ³)
578 4230 854 4283 Plutarch.
895 4230 928 4283 1.
969 4230 1003 4283 l.

499 4338 540 4399 ⁴)
579 4338 742 4390 Tacit.
782 4335 816 4387 1.
857 4337 899 4389 l:
941 4354 1168 4406 gnarum
1205 4338 1261 4390 id
1300 4336 1543 4390 Caesam
