3123 4869
1448 321 1528 327 ——
1626 286 1708 344 36
1806 321 1884 328 --

490 461 792 523 Paullum
831 461 1104 523 Fabium
1144 460 1505 524 Maximum
1555 461 1634 523 ab
1676 460 1909 523 Ovidio
1958 463 2166 525 videri
2215 464 2488 524 missum
2528 482 2666 526 esse
2712 465 2837 525 iam

490 590 685 651 supra
732 569 1168 651 exposuimus,
1283 567 1517 631 Tamen
1583 588 1664 632 ne
1722 568 1800 630 ‹le
1866 568 1986 630 hoc
2053 571 2411 652 cogitemus
2473 571 2704 650 amiCO,
2766 590 2842 633 60

489 676 787 738 videmur
834 675 1150 757 impediri,
1199 675 1370 756 quod
1410 676 1476 735 111
1525 680 1744 736 nostro
1785 677 2071 738 carmine
2120 677 2337 738 omnia
2375 676 2629 757 desunt,
2676 697 2844 759 quae

491 783 568 843 ad
619 781 964 844 Caesarum
1012 781 1325 843 familiam
1372 782 1712 863 pertinent.
1817 780 2012 844 Putat
2069 784 2241 845 enim
2301 790 2488 865 poeta
2544 765 2841 863 amicum,

492 890 603 970 qui
644 896 828 951 antea
866 888 1043 951 fideli
1084 889 1298 949 animo
1331 906 1548 950 rerum
1591 907 1855 950 suarum
1897 909 2119 952 curam
2152 891 2554 972 suscepisset,
2595 892 2705 971 qui
2732 911 2845 953 an·

490 1004 592 1060 tea
638 1004 861 1080 portus
909 1002 972 1058 et
1019 995 1398 1076 confugium
1448 1014 1641 1056 suum
1688 995 1935 1075 fuisset,
1980 998 2050 1058 in
2099 996 2311 1059 studio
2361 1016 2511 1078 erga
2558 997 2840 1060 sodalem

488 1104 682 1166 rebus
730 1103 1016 1166 adversis
1078 1101 1390 1171 afflictum
1442 1101 1822 1182 elanguisse.
1928 1100 2280 1165 Maximam
2330 1110 2544 1167 autem
2593 1112 2655 1167 61
2701 1126 2846 1187 gra·

429 1196 434 1201 ⁶
490 1212 822 1273 vissimam
886 1209 1206 1272 malorum
1274 1207 1529 1270 turbam
1600 1208 1860 1270 exulem
1931 1228 1999 1271 se
2065 1211 2481 1274 circumstare
2547 1230 2850 1292 querens,

493 1319 647 1400 petit
695 1316 772 1378 ab
834 1317 942 1378 illo
967 1366 980 1393 ,
1046 1321 1119 1377 ut
1180 1320 1542 1396 compescat
1598 1316 2084 1398 intempestivos
2132 1323 2417 1380 tumores
2465 1326 2656 1399 atque
2704 1338 2849 1400 per·

491 1426 671 1486 sistat
718 1425 784 1484 in
833 1424 963 1511 fide
1011 1442 1163 1504 erga
1208 1421 1536 1484 infelicem
1586 1423 1866 1483 amicum
1916 1442 1973 1483 v.
2024 1426 2108 1485 45
2160 1416 2320 1505 seqssz

899 1530 1426 1611 »Intempestivos
1474 1529 1674 1610 igitur
1722 1548 2056 1611 compesce
2103 1536 2405 1610 tumores,

901 1636 1066 1699 Vela
1112 1654 1324 1717 neque
1370 1637 1439 1696 111
1486 1635 1701 1696 medio
1752 1636 1972 1699 desere
2019 1644 2237 1700 nostra
2282 1640 2489 1700 mari«

489 1745 527 1806 J
536 1765 639 1806 am
686 1750 1087 1807 transeamus
1135 1743 1213 1804 ad
1261 1741 1486 1803 Trist.
1537 1741 1728 1824 eleg.
1776 1742 1855 1821 V,
1909 1746 1938 1804 1
1964 1745 2021 1806 3.
2113 1744 2358 1807 Iterum
2398 1752 2610 1808 autem
2659 1753 2848 1828 poeta

494 1853 774 1913 amicum
824 1852 1165 1932 vituperat,
1215 1849 1387 1931 quod
1435 1854 1566 1910 tam
1615 1869 1757 1910 raro
1807 1849 1885 1911 ad
1937 1869 2004 1912 se
2052 1851 2361 1933 epistulas
2407 1852 2654 1915 mittat:

812 1958 1039 2032 »Quod
1089 1963 1199 2019 tua
1244 1975 1348 2018 me
1395 1975 1536 2017 raro
1588 1955 1830 2017 solatur
1877 1957 2169 2039 epistula,
2217 1977 2462 2040 peccaS,

810 2064 1100 2146 Remque
1147 2065 1320 2147 piam
1368 2068 1671 2144 praestas,
1720 2072 1782 2125 et
1828 2063 1984 2124 mihi
2033 2064 2229 2126 verba
2279 2084 2489 2147 negas.

811 2170 971 2251 Hoc,
1018 2190 1259 2254 precor,
1308 2170 1658 2232 emendal«
1752 2218 1763 2230 .
1860 2219 1872 2231 .
1968 2217 1981 2231 .
2081 2220 2521 2232 .....

810 2277 919 2340 »Di
969 2278 1224 2356 faciant,
1274 2282 1345 2339 ut
1392 2278 1475 2339 sit
1521 2278 1861 2339 temeraria
1907 2284 2126 2340 nostra
2174 2278 2478 2360 querella,

810 2385 1025 2469 Teque
1072 2392 1291 2469 putem
1341 2383 1500 2447 salso
1550 2403 1681 2446 non
1728 2386 2103 2448 meminisse
2149 2386 2346 2449 nicil«

492 2494 724 2576 Neque
797 2501 1010 2556 tamen
1082 2485 1389 2574 unquam
1438 2492 1697 2554 credere
1767 2498 1973 2574 potest
2052 2494 2329 2554 amicimi
2400 2493 2848 2557 immemorem

493 2621 632 2663 esse
678 2601 955 2663 infelicis
1004 2599 1256 2662 sodalis.
1351 2598 1579 2679 Itaque
1628 2618 1776 2660 eum
1826 2598 2219 2679 adhortatur,
2264 2606 2340 2661 ut.
2367 2602 2641 2683 saepius
2689 2603 2854 2663 scri-

494 2708 707 2771 bendo
759 2707 973 2770 Ovidii
1025 2726 1245 2768 curam
1296 2704 1604 2766 dissolvat
1654 2709 1715 2766 et
1764 2723 1831 2766 se
1880 2705 2123 2785 eodem,
2190 2726 2317 2787 quo
2367 2713 2583 2786 antea,
2632 2727 2852 2771 amore

492 2816 775 2877 amicum
824 2814 1159 2895 complecti
1210 2813 1620 2874 demonstret.

672 2920 838 2996 Quid
863 2923 893 2982 ’Β
941 2921 1063 2982 ista
1101 2920 1385 2981 carmina
1422 2937 1640 2980 nonne
1685 2917 1945 2979 vinculo
1995 2920 2272 3000 quodam
2312 2922 2478 2983 inter
2516 2940 2584 2983 se
2621 2921 2854 2984 viden·

493 3036 599 3091 1111·
645 3047 784 3091 esse
832 3027 1124 3090 conexa?
1172 3025 1464 3089 Fortasse
1513 3025 1931 3109 cogitandum
1973 3032 2068 3088 est
2106 3028 2404 3106 amicum,
2453 3047 2850 3109 quamquam

492 3136 766 3197 Ovidius
815 3155 995 3215 eum,
1076 3141 1147 3197 ut
1203 3134 1284 3196 ad
1361 3152 1428 3196 66
1490 3133 1824 3212 scriberet,
1894 3134 2150 3215 saepius
2218 3134 2591 3196 adhortatus
2661 3141 2851 3213 esset,

493 3250 707 3306 tamen
765 3249 937 3322 tum,
995 3262 1143 3304 cnm
1192 3241 1302 3303 ille
1359 3240 1516 3323 eleg.
1557 3240 1637 3320 V,
1687 3242 1725 3302 6
1767 3245 2209 3321 componeret,
2268 3241 2559 3302 nondum
2616 3241 2853 3302 volun-

494 3351 606 3411 tati
665 3351 803 3410 eius
866 3347 1266 3411 satisfecisse.
1375 3345 1561 3421 Quod
1628 3347 1681 3408 si
1729 3346 2104 3429 probamus,
2152 3347 2341 3409 facile
2388 3346 2852 3431 intellegimuS,

492 3477 609 3517 cur
668 3456 788 3517 hoc
845 3474 1104 3518 carmen
1182 3454 1419 3516 doloris
1482 3459 1543 3515 et
1599 3455 1731 3515 irae
1798 3459 1927 3515 tam
1976 3453 2058 3515 sit
2122 3453 2404 3536 plenum.
2504 3452 2846 3516 Leuiorem

492 3572 707 3624 autem
755 3562 1299 3644 placidioremque
1346 3565 1570 3642 poetae
1618 3560 1906 3622 animum
1955 3559 2112 3644 eleg.
2164 3560 2241 3636 V,
2315 3564 2392 3624 13
2442 3561 2713 3640 indicat,
2762 3579 2846 3622 ex

493 3690 622 3751 qua
640 3669 936 3731 videmus
959 3687 1107 3731 611111
1146 3668 1467 3749 accepisse
1506 3666 1848 3748 epistulam
1888 3666 1966 3728 ab
2001 3668 2204 3729 amico
2236 3687 2448 3749 neque
2488 3668 2848 3749 quidquam

492 3775 669 3838 aliud
719 3782 954 3857 optare,
1002 3776 1126 3836 nisi
1177 3780 1249 3835 ut
1296 3773 1530 3835 sodalis
1581 3774 1836 3855 saepius
1884 3774 1964 3835 ad
2014 3792 2082 3836 se
2130 3773 2379 3836 scribat.

671 3883 888 3964 Atque
943 3883 1011 3942 in
1078 3881 1177 3942 his
1244 3879 1544 3942 omnibus
1602 3881 1827 3962 elegiis
1887 3880 2072 3941 illum
2136 3881 2448 3943 instanter
2518 3887 2580 3943 et
2639 3898 2848 3962 paene

493 3990 926 4052 sollicitudine
994 3988 1271 4070 quadam
1339 3987 1603 4050 affectus
1673 3987 2006 4054 admonet.
2075 3992 2144 4048 ut
2209 3987 2388 4068 pium
2455 3986 2846 4066 fidelemque

492 4099 681 4158 ctiam
746 4116 895 4178 erga
964 4094 1286 4158 infelicem
1347 4095 1626 4156 amicum
1695 4112 1763 4156 se
1824 4092 2125 4175 praebeat
2190 4112 2354 4156 neve
2420 4113 2704 4174 unquam
2773 4092 2840 4151 in

493 4204 702 4263 officio
750 4203 1140 4285 languescat.

673 4308 808 4382 Qua
848 4311 910 4370 in
954 4328 1022 4371 re
1070 4310 1223 4370 hacc
1264 4309 1549 4370 carmina
1587 4316 1711 4368 tam
1754 4306 1920 4369 bene
1968 4309 2379 4369 consentiunt
2419 4327 2563 4368 cum
2606 4307 2845 4389 epistu-
