<?xml version="1.0" encoding="UTF-8"?>
<!DOCTYPE html PUBLIC "-//W3C//DTD XHTML 1.0 Transitional//EN"
    "http://www.w3.org/TR/xhtml1/DTD/xhtml1-transitional.dtd">
<html xmlns="http://www.w3.org/1999/xhtml" xml:lang="en" lang="en">
 <head>
  <title>
</title>
<meta http-equiv="Content-Type" content="text/html;charset=utf-8" />
  <meta name='ocr-system' content='tesseract 3.04.00' />
  <meta name='ocr-capabilities' content='ocr_page ocr_carea ocr_par ocr_line ocrx_word'/>
</head>
<body>
  <div class='ocr_page' id='page_1' title='image "./deamicoruminovi02loregoog_0016.png"; bbox 0 0 3123 4869; ppageno 0'>
   <div class='ocr_carea' id='block_1_1' title="bbox 1399 263 1798 324">
    <p class='ocr_par' dir='ltr' id='par_1_1' title="bbox 1399 263 1798 324">
     <span class='ocr_line' id='line_1_1' title="bbox 1399 263 1798 324; baseline 0.003 -18"><span class='ocrx_word' id='word_1_1' title='bbox 1399 263 1798 324; x_wconf 75' lang='grc'>-6.-</span> 
     </span>
    </p>
   </div>
   <div class='ocr_carea' id='block_1_2' title="bbox 394 438 2854 2549">
    <p class='ocr_par' dir='ltr' id='par_1_2' title="bbox 406 438 2854 627">
     <span class='ocr_line' id='line_1_2' title="bbox 406 438 2785 521; baseline -0.002 -21"><span class='ocrx_word' id='word_1_2' title='bbox 406 459 554 500; x_wconf 84' lang='lat' dir='ltr'>rum</span> <span class='ocrx_word' id='word_1_3' title='bbox 590 458 720 500; x_wconf 89' lang='lat' dir='ltr'>non</span> <span class='ocrx_word' id='word_1_4' title='bbox 760 459 796 502; x_wconf 88' lang='lat' dir='ltr'>a</span> <span class='ocrx_word' id='word_1_5' title='bbox 833 446 1021 521; x_wconf 82' lang='lat' dir='ltr'>poeta-</span> <span class='ocrx_word' id='word_1_6' title='bbox 1058 440 1196 521; x_wconf 87' lang='lat' dir='ltr'>ipso</span> <span class='ocrx_word' id='word_1_7' title='bbox 1230 439 1342 501; x_wconf 90' lang='lat' dir='ltr'>sed</span> <span class='ocrx_word' id='word_1_8' title='bbox 1378 459 1413 501; x_wconf 91' lang='lat' dir='ltr'>a</span> <span class='ocrx_word' id='word_1_9' title='bbox 1453 439 1819 502; x_wconf 86' lang='lat' dir='ltr'>scholiastis</span> <span class='ocrx_word' id='word_1_10' title='bbox 1856 439 2172 521; x_wconf 81' lang='lat' dir='ltr'>profectos</span> <span class='ocrx_word' id='word_1_11' title='bbox 2212 457 2350 501; x_wconf 87' lang='lat' dir='ltr'>esse</span> <span class='ocrx_word' id='word_1_12' title='bbox 2387 438 2785 501; x_wconf 83' lang='lat' dir='ltr'>verisimilli-</span> 
     </span>
     <span class='ocr_line' id='line_1_3' title="bbox 411 530 2854 627; baseline -0.001 -21"><span class='ocrx_word' id='word_1_13' title='bbox 411 565 593 606; x_wconf 89' lang='lat' dir='ltr'>mum</span> <span class='ocrx_word' id='word_1_14' title='bbox 642 544 794 627; x_wconf 75' lang='lat' dir='ltr'>sitl).</span> <span class='ocrx_word' id='word_1_15' title='bbox 989 532 994 536; x_wconf 43' lang='lat'><strong>⁴</strong></span> <span class='ocrx_word' id='word_1_16' title='bbox 2759 600 2762 603; x_wconf 87' lang='lat'><strong>.</strong></span> <span class='ocrx_word' id='word_1_17' title='bbox 2849 530 2854 533; x_wconf 55' lang='grc'>’</span> 
     </span>
    </p>

    <p class='ocr_par' dir='ltr' id='par_1_3' title="bbox 409 651 2780 841">
     <span class='ocr_line' id='line_1_4' title="bbox 591 651 2780 734; baseline 0 -20"><span class='ocrx_word' id='word_1_18' title='bbox 591 651 851 715; x_wconf 81' lang='lat' dir='ltr'>Certum</span> <span class='ocrx_word' id='word_1_19' title='bbox 910 658 1005 715; x_wconf 88' lang='lat' dir='ltr'>est</span> <span class='ocrx_word' id='word_1_20' title='bbox 1077 653 1255 734; x_wconf 81' lang='lat' dir='ltr'>epist.</span> <span class='ocrx_word' id='word_1_21' title='bbox 1320 670 1403 715; x_wconf 81' lang='lat' dir='ltr'>ex</span> <span class='ocrx_word' id='word_1_22' title='bbox 1460 651 1669 715; x_wconf 91' lang='lat' dir='ltr'>Ponto</span> <span class='ocrx_word' id='word_1_23' title='bbox 1733 651 1784 734; x_wconf 96' lang='grc' dir='ltr'>Ι,</span> <span class='ocrx_word' id='word_1_24' title='bbox 1832 654 1872 714; x_wconf 79' lang='lat'>2</span> <span class='ocrx_word' id='word_1_25' title='bbox 1923 658 1985 715; x_wconf 94' lang='lat' dir='ltr'>et</span> <span class='ocrx_word' id='word_1_26' title='bbox 2030 651 2151 731; x_wconf 91' lang='lat' dir='ltr'>III,</span> <span class='ocrx_word' id='word_1_27' title='bbox 2213 655 2250 715; x_wconf 88' lang='lat'>3</span> <span class='ocrx_word' id='word_1_28' title='bbox 2300 651 2531 715; x_wconf 83' lang='lat' dir='ltr'>Paullo</span> <span class='ocrx_word' id='word_1_29' title='bbox 2578 652 2780 715; x_wconf 85' lang='lat' dir='ltr'>Fabio</span> 
     </span>
     <span class='ocr_line' id='line_1_5' title="bbox 409 758 2237 841; baseline 0 -21"><span class='ocrx_word' id='word_1_30' title='bbox 409 758 704 822; x_wconf 83' lang='lat' dir='ltr'>Maximo</span> <span class='ocrx_word' id='word_1_31' title='bbox 755 777 893 821; x_wconf 92' lang='lat' dir='ltr'>esse</span> <span class='ocrx_word' id='word_1_32' title='bbox 942 758 1206 839; x_wconf 87' lang='lat' dir='ltr'>dandas,</span> <span class='ocrx_word' id='word_1_33' title='bbox 1255 777 1405 820; x_wconf 87' lang='lat' dir='ltr'>nam</span> <span class='ocrx_word' id='word_1_34' title='bbox 1457 763 1520 821; x_wconf 88' lang='lat' dir='ltr'>et</span> <span class='ocrx_word' id='word_1_35' title='bbox 1566 759 1749 821; x_wconf 90' lang='lat' dir='ltr'>illius</span> <span class='ocrx_word' id='word_1_36' title='bbox 1795 778 1959 821; x_wconf 86' lang='lat' dir='ltr'>vers.</span> <span class='ocrx_word' id='word_1_37' title='bbox 2009 761 2047 822; x_wconf 90' lang='lat'><strong>3</strong></span> <span class='ocrx_word' id='word_1_38' title='bbox 2098 779 2237 841; x_wconf 88' lang='lat' dir='ltr'>seq:</span> 
     </span>
    </p>

    <p class='ocr_par' dir='ltr' id='par_1_4' title="bbox 612 864 2527 948">
     <span class='ocr_line' id='line_1_6' title="bbox 612 864 2527 948; baseline 0.001 -21"><span class='ocrx_word' id='word_1_39' title='bbox 612 921 616 927; x_wconf 90' lang='lat'><strong>.</strong></span> <span class='ocrx_word' id='word_1_40' title='bbox 716 864 869 940; x_wconf 82' lang='lat' dir='ltr'>»Qui</span> <span class='ocrx_word' id='word_1_41' title='bbox 917 866 1098 928; x_wconf 90' lang='lat' dir='ltr'>nasci</span> <span class='ocrx_word' id='word_1_42' title='bbox 1144 871 1220 927; x_wconf 92' lang='lat' dir='ltr'>ut</span> <span class='ocrx_word' id='word_1_43' title='bbox 1264 884 1505 948; x_wconf 82' lang='lat' dir='ltr'>posseS,</span> <span class='ocrx_word' id='word_1_44' title='bbox 1555 867 1855 947; x_wconf 87' lang='lat' dir='ltr'>quamvis</span> <span class='ocrx_word' id='word_1_45' title='bbox 1904 866 2192 929; x_wconf 76' lang='lat' dir='ltr'>cecidere</span> <span class='ocrx_word' id='word_1_46' title='bbox 2240 867 2527 946; x_wconf 75' lang='lat' dir='ltr'>trecenti,</span> 
     </span>
    </p>

    <p class='ocr_par' dir='ltr' id='par_1_5' title="bbox 410 971 2134 1142">
     <span class='ocr_line' id='line_1_7' title="bbox 711 971 2134 1036; baseline -0.004 -1"><span class='ocrx_word' id='word_1_47' title='bbox 711 971 864 1035; x_wconf 89' lang='lat' dir='ltr'>Non</span> <span class='ocrx_word' id='word_1_48' title='bbox 913 990 1138 1036; x_wconf 88' lang='lat' dir='ltr'>omnes</span> <span class='ocrx_word' id='word_1_49' title='bbox 1186 971 1420 1035; x_wconf 84' lang='lat' dir='ltr'>Fabios</span> <span class='ocrx_word' id='word_1_50' title='bbox 1471 972 1741 1035; x_wconf 88' lang='lat' dir='ltr'>abstulit</span> <span class='ocrx_word' id='word_1_51' title='bbox 1784 992 1920 1035; x_wconf 86' lang='lat' dir='ltr'>una</span> <span class='ocrx_word' id='word_1_52' title='bbox 1968 973 2134 1036; x_wconf 71' lang='lat' dir='ltr'>dies«</span> 
     </span>
     <span class='ocr_line' id='line_1_8' title="bbox 410 1080 1043 1142; baseline -0.003 0"><span class='ocrx_word' id='word_1_53' title='bbox 410 1087 473 1142; x_wconf 89' lang='lat' dir='ltr'>et</span> <span class='ocrx_word' id='word_1_54' title='bbox 520 1080 713 1141; x_wconf 87' lang='lat' dir='ltr'>huius</span> <span class='ocrx_word' id='word_1_55' title='bbox 760 1098 924 1142; x_wconf 82' lang='lat' dir='ltr'>verS.</span> <span class='ocrx_word' id='word_1_56' title='bbox 974 1081 1043 1140; x_wconf 83' lang='lat'>2:</span> 
     </span>
    </p>

    <p class='ocr_par' dir='ltr' id='par_1_6' title="bbox 832 1184 2301 1273">
     <span class='ocr_line' id='line_1_9' title="bbox 832 1184 2301 1273; baseline -0.001 -25"><span class='ocrx_word' id='word_1_57' title='bbox 832 1184 915 1247; x_wconf 89' lang='lat' dir='ltr'>»O</span> <span class='ocrx_word' id='word_1_58' title='bbox 965 1185 1146 1248; x_wconf 91' lang='lat' dir='ltr'>sidus</span> <span class='ocrx_word' id='word_1_59' title='bbox 1193 1185 1447 1261; x_wconf 82' lang='lat' dir='ltr'>Fabiae,</span> <span class='ocrx_word' id='word_1_60' title='bbox 1493 1186 1813 1265; x_wconf 78' lang='lat' dir='ltr'>Maxime,</span> <span class='ocrx_word' id='word_1_61' title='bbox 1859 1188 2073 1269; x_wconf 89' lang='lat' dir='ltr'>gentis</span> <span class='ocrx_word' id='word_1_62' title='bbox 2121 1187 2301 1273; x_wconf 81' lang='lat' dir='ltr'>ades«</span> 
     </span>
    </p>

    <p class='ocr_par' dir='ltr' id='par_1_7' title="bbox 407 1292 2779 1570">
     <span class='ocr_line' id='line_1_10' title="bbox 410 1292 2779 1376; baseline 0 -21"><span class='ocrx_word' id='word_1_63' title='bbox 410 1293 757 1355; x_wconf 79' lang='lat' dir='ltr'>Fabiorum</span> <span class='ocrx_word' id='word_1_64' title='bbox 807 1295 1018 1376; x_wconf 89' lang='lat' dir='ltr'>gentis</span> <span class='ocrx_word' id='word_1_65' title='bbox 1064 1293 1139 1356; x_wconf 91' lang='lat' dir='ltr'>fit</span> <span class='ocrx_word' id='word_1_66' title='bbox 1184 1294 1445 1359; x_wconf 90' lang='lat' dir='ltr'>mentio.</span> <span class='ocrx_word' id='word_1_67' title='bbox 1557 1292 1791 1356; x_wconf 83' lang='lat' dir='ltr'>Eidem</span> <span class='ocrx_word' id='word_1_68' title='bbox 1839 1312 1993 1355; x_wconf 81' lang='lat' dir='ltr'>vero</span> <span class='ocrx_word' id='word_1_69' title='bbox 2043 1295 2249 1356; x_wconf 85' lang='lat' dir='ltr'>amico</span> <span class='ocrx_word' id='word_1_70' title='bbox 2297 1293 2446 1355; x_wconf 89' lang='lat' dir='ltr'>libri</span> <span class='ocrx_word' id='word_1_71' title='bbox 2493 1293 2594 1355; x_wconf 92' lang='lat' dir='ltr'>III</span> <span class='ocrx_word' id='word_1_72' title='bbox 2644 1295 2779 1376; x_wconf 86' lang='lat' dir='ltr'>epi-</span> 
     </span>
     <span class='ocr_line' id='line_1_11' title="bbox 409 1398 2778 1482; baseline -0.001 -19"><span class='ocrx_word' id='word_1_73' title='bbox 409 1401 639 1463; x_wconf 88' lang='lat' dir='ltr'>stolam</span> <span class='ocrx_word' id='word_1_74' title='bbox 705 1401 743 1462; x_wconf 80' lang='lat'>8</span> <span class='ocrx_word' id='word_1_75' title='bbox 805 1399 1216 1463; x_wconf 81' lang='lat' dir='ltr'>tribuendam</span> <span class='ocrx_word' id='word_1_76' title='bbox 1279 1418 1419 1462; x_wconf 90' lang='lat' dir='ltr'>esse</span> <span class='ocrx_word' id='word_1_77' title='bbox 1482 1401 1596 1461; x_wconf 81' lang='lat' dir='ltr'>vix</span> <span class='ocrx_word' id='word_1_78' title='bbox 1649 1401 1995 1481; x_wconf 87' lang='lat' dir='ltr'>quisquam</span> <span class='ocrx_word' id='word_1_79' title='bbox 2045 1399 2323 1482; x_wconf 84' lang='lat' dir='ltr'>negabit.</span> <span class='ocrx_word' id='word_1_80' title='bbox 2416 1398 2583 1463; x_wconf 88' lang='lat' dir='ltr'>Nam</span> <span class='ocrx_word' id='word_1_81' title='bbox 2631 1419 2778 1462; x_wconf 85' lang='lat' dir='ltr'>ver-</span> 
     </span>
     <span class='ocr_line' id='line_1_12' title="bbox 407 1511 646 1570; baseline -0.008 0"><span class='ocrx_word' id='word_1_82' title='bbox 407 1528 518 1570; x_wconf 82' lang='lat' dir='ltr'>sus</span> <span class='ocrx_word' id='word_1_83' title='bbox 572 1511 646 1569; x_wconf 78' lang='lat'>7:</span> 
     </span>
    </p>

    <p class='ocr_par' dir='ltr' id='par_1_8' title="bbox 394 1594 2774 1908">
     <span class='ocr_line' id='line_1_13' title="bbox 708 1594 2496 1678; baseline -0.001 -26"><span class='ocrx_word' id='word_1_84' title='bbox 708 1594 1038 1678; x_wconf 86' lang='lat' dir='ltr'>»Purpura</span> <span class='ocrx_word' id='word_1_85' title='bbox 1085 1614 1275 1678; x_wconf 84' lang='lat' dir='ltr'>saepe</span> <span class='ocrx_word' id='word_1_86' title='bbox 1322 1600 1469 1657; x_wconf 92' lang='lat' dir='ltr'>tuos</span> <span class='ocrx_word' id='word_1_87' title='bbox 1518 1594 1779 1678; x_wconf 86' lang='lat' dir='ltr'>fulgens</span> <span class='ocrx_word' id='word_1_88' title='bbox 1829 1596 2147 1678; x_wconf 87' lang='lat' dir='ltr'>praetexit</span> <span class='ocrx_word' id='word_1_89' title='bbox 2194 1597 2496 1658; x_wconf 86' lang='lat' dir='ltr'>amictus«</span> 
     </span>
     <span class='ocr_line' id='line_1_14' title="bbox 394 1718 2774 1802; baseline -0 -18"><span class='ocrx_word' id='word_1_90' title='bbox 394 1721 612 1786; x_wconf 81' lang='lat' dir='ltr'>multo</span> <span class='ocrx_word' id='word_1_91' title='bbox 655 1722 866 1802; x_wconf 90' lang='lat' dir='ltr'>aptius</span> <span class='ocrx_word' id='word_1_92' title='bbox 916 1720 1005 1782; x_wconf 67' lang='lat' dir='ltr'>de‘</span> <span class='ocrx_word' id='word_1_93' title='bbox 1032 1718 1230 1781; x_wconf 85' lang='lat' dir='ltr'>Fabio</span> <span class='ocrx_word' id='word_1_94' title='bbox 1268 1718 1558 1782; x_wconf 80' lang='lat' dir='ltr'>Maximo</span> <span class='ocrx_word' id='word_1_95' title='bbox 1597 1721 1738 1782; x_wconf 87' lang='lat' dir='ltr'>viro</span> <span class='ocrx_word' id='word_1_96' title='bbox 1776 1720 2002 1782; x_wconf 89' lang='lat' dir='ltr'>multis</span> <span class='ocrx_word' id='word_1_97' title='bbox 2041 1719 2394 1783; x_wconf 90' lang='lat' dir='ltr'>honoribus</span> <span class='ocrx_word' id='word_1_98' title='bbox 2431 1719 2774 1802; x_wconf 82' lang='lat' dir='ltr'>perfuncto</span> 
     </span>
     <span class='ocr_line' id='line_1_15' title="bbox 406 1824 1616 1908; baseline -0.002 -19"><span class='ocrx_word' id='word_1_99' title='bbox 406 1827 661 1907; x_wconf 84' lang='lat' dir='ltr'>dicitur,</span> <span class='ocrx_word' id='word_1_100' title='bbox 710 1846 903 1908; x_wconf 85' lang='lat' dir='ltr'>quam</span> <span class='ocrx_word' id='word_1_101' title='bbox 954 1826 1033 1890; x_wconf 90' lang='lat' dir='ltr'>de</span> <span class='ocrx_word' id='word_1_102' title='bbox 1079 1825 1367 1888; x_wconf 79' lang='lat' dir='ltr'>Maximo</span> <span class='ocrx_word' id='word_1_103' title='bbox 1418 1824 1616 1890; x_wconf 85' lang='lat' dir='ltr'>Cotta.</span> 
     </span>
    </p>

    <p class='ocr_par' dir='ltr' id='par_1_9' title="bbox 399 1930 2772 2549">
     <span class='ocr_line' id='line_1_16' title="bbox 581 1930 2769 2023; baseline 0 -28"><span class='ocrx_word' id='word_1_104' title='bbox 581 1933 687 1996; x_wconf 88' lang='lat' dir='ltr'>Ad</span> <span class='ocrx_word' id='word_1_105' title='bbox 741 1932 1114 2001; x_wconf 73' lang='lat' dir='ltr'>:Maximum</span> <span class='ocrx_word' id='word_1_106' title='bbox 1158 1939 1400 2000; x_wconf 82' lang='lat' dir='ltr'>autem</span> <span class='ocrx_word' id='word_1_107' title='bbox 1471 1930 1720 2023; x_wconf 78' lang='lat' dir='ltr'>Cottam</span> <span class='ocrx_word' id='word_1_108' title='bbox 1788 1934 2099 2016; x_wconf 88' lang='lat' dir='ltr'>epistulas</span> <span class='ocrx_word' id='word_1_109' title='bbox 2157 1933 2241 2013; x_wconf 89' lang='lat' dir='ltr'>II,</span> <span class='ocrx_word' id='word_1_110' title='bbox 2309 1935 2347 1996; x_wconf 84' lang='lat'>8</span> <span class='ocrx_word' id='word_1_111' title='bbox 2416 1940 2477 1996; x_wconf 89' lang='lat' dir='ltr'>et</span> <span class='ocrx_word' id='word_1_112' title='bbox 2542 1932 2661 2013; x_wconf 90' lang='lat' dir='ltr'>III,</span> <span class='ocrx_word' id='word_1_113' title='bbox 2728 1935 2769 1995; x_wconf 79' lang='lat'><strong>2</strong></span> 
     </span>
     <span class='ocr_line' id='line_1_17' title="bbox 405 2039 2772 2124; baseline -0 -21"><span class='ocrx_word' id='word_1_114' title='bbox 405 2043 676 2124; x_wconf 86' lang='lat' dir='ltr'>scriptas</span> <span class='ocrx_word' id='word_1_115' title='bbox 739 2059 896 2120; x_wconf 92' lang='lat' dir='ltr'>esse,</span> <span class='ocrx_word' id='word_1_116' title='bbox 957 2059 1040 2103; x_wconf 81' lang='lat' dir='ltr'>ex</span> <span class='ocrx_word' id='word_1_117' title='bbox 1103 2039 1608 2103; x_wconf 89' lang='lat' dir='ltr'>allocutionibus</span> <span class='ocrx_word' id='word_1_118' title='bbox 1664 2039 1979 2103; x_wconf 75' lang='lat' dir='ltr'>»Maxime</span> <span class='ocrx_word' id='word_1_119' title='bbox 2042 2039 2252 2104; x_wconf 87' lang='lat' dir='ltr'>Cotta«</span> <span class='ocrx_word' id='word_1_120' title='bbox 2311 2039 2421 2124; x_wconf 82' lang='lat' dir='ltr'>(II,</span> <span class='ocrx_word' id='word_1_121' title='bbox 2485 2042 2542 2121; x_wconf 85' lang='grc'>8,</span> <span class='ocrx_word' id='word_1_122' title='bbox 2590 2042 2655 2120; x_wconf 82' lang='lat'>2)</span> <span class='ocrx_word' id='word_1_123' title='bbox 2707 2045 2772 2103; x_wconf 86' lang='lat' dir='ltr'>et</span> 
     </span>
     <span class='ocr_line' id='line_1_18' title="bbox 402 2145 2770 2230; baseline 0.001 -24"><span class='ocrx_word' id='word_1_124' title='bbox 402 2147 642 2210; x_wconf 66' lang='lat' dir='ltr'>»Cotta«</span> <span class='ocrx_word' id='word_1_125' title='bbox 702 2147 847 2229; x_wconf 83' lang='lat' dir='ltr'>(III,</span> <span class='ocrx_word' id='word_1_126' title='bbox 895 2148 955 2228; x_wconf 81' lang='lat'>2,</span> <span class='ocrx_word' id='word_1_127' title='bbox 1007 2145 1070 2229; x_wconf 90' lang='lat'>1)</span> <span class='ocrx_word' id='word_1_128' title='bbox 1127 2148 1280 2211; x_wconf 88' lang='lat' dir='ltr'>satis</span> <span class='ocrx_word' id='word_1_129' title='bbox 1338 2152 1617 2230; x_wconf 88' lang='lat' dir='ltr'>apparet.</span> <span class='ocrx_word' id='word_1_130' title='bbox 1723 2146 1954 2209; x_wconf 88' lang='lat' dir='ltr'>Eidem</span> <span class='ocrx_word' id='word_1_131' title='bbox 2021 2153 2237 2210; x_wconf 89' lang='lat' dir='ltr'>autem</span> <span class='ocrx_word' id='word_1_132' title='bbox 2286 2146 2635 2210; x_wconf 89' lang='lat' dir='ltr'>tribuimus</span> <span class='ocrx_word' id='word_1_133' title='bbox 2681 2147 2770 2228; x_wconf 93' lang='lat' dir='ltr'>II,</span> 
     </span>
     <span class='ocr_line' id='line_1_19' title="bbox 404 2252 2770 2338; baseline -0.001 -20"><span class='ocrx_word' id='word_1_134' title='bbox 404 2258 462 2318; x_wconf 89' lang='lat'>3.</span> <span class='ocrx_word' id='word_1_135' title='bbox 555 2253 723 2317; x_wconf 89' lang='lat' dir='ltr'>Nam</span> <span class='ocrx_word' id='word_1_136' title='bbox 773 2253 948 2336; x_wconf 90' lang='lat' dir='ltr'>quod</span> <span class='ocrx_word' id='word_1_137' title='bbox 993 2252 1284 2317; x_wconf 88' lang='lat' dir='ltr'>Kochius</span> <span class='ocrx_word' id='word_1_138' title='bbox 1331 2255 1402 2316; x_wconf 87' lang='lat' dir='ltr'>in</span> <span class='ocrx_word' id='word_1_139' title='bbox 1453 2254 1925 2318; x_wconf 88' lang='lat' dir='ltr'>dissertationis</span> <span class='ocrx_word' id='word_1_140' title='bbox 1974 2273 2129 2318; x_wconf 91' lang='lat' dir='ltr'>suae</span> <span class='ocrx_word' id='word_1_141' title='bbox 2175 2274 2315 2338; x_wconf 88' lang='lat' dir='ltr'>pag.</span> <span class='ocrx_word' id='word_1_142' title='bbox 2370 2259 2404 2316; x_wconf 82' lang='lat'>7</span> <span class='ocrx_word' id='word_1_143' title='bbox 2446 2258 2509 2316; x_wconf 90' lang='lat' dir='ltr'>et</span> <span class='ocrx_word' id='word_1_144' title='bbox 2545 2253 2770 2317; x_wconf 90' lang='lat' dir='ltr'>Weid-</span> 
     </span>
     <span class='ocr_line' id='line_1_20' title="bbox 399 2359 2764 2445; baseline -0 -21"><span class='ocrx_word' id='word_1_145' title='bbox 399 2381 597 2424; x_wconf 84' lang='lat' dir='ltr'>nerus</span> <span class='ocrx_word' id='word_1_146' title='bbox 664 2360 745 2423; x_wconf 87' lang='lat' dir='ltr'>ad</span> <span class='ocrx_word' id='word_1_147' title='bbox 809 2360 1150 2424; x_wconf 80' lang='lat' dir='ltr'>Juvenalis</span> <span class='ocrx_word' id='word_1_148' title='bbox 1217 2362 1388 2424; x_wconf 89' lang='lat' dir='ltr'>satir.</span> <span class='ocrx_word' id='word_1_149' title='bbox 1448 2360 1589 2442; x_wconf 93' lang='lat' dir='ltr'>III,</span> <span class='ocrx_word' id='word_1_150' title='bbox 1659 2365 1715 2442; x_wconf 84' lang='lat'>7,</span> <span class='ocrx_word' id='word_1_151' title='bbox 1783 2363 1865 2423; x_wconf 80' lang='lat'>95</span> <span class='ocrx_word' id='word_1_152' title='bbox 1913 2361 2184 2443; x_wconf 49' lang='lat' dir='ltr'>¹aliique</span> <span class='ocrx_word' id='word_1_153' title='bbox 2251 2360 2502 2445; x_wconf 89' lang='lat' dir='ltr'>epistul.</span> <span class='ocrx_word' id='word_1_154' title='bbox 2572 2359 2657 2441; x_wconf 89' lang='lat' dir='ltr'>Il,</span> <span class='ocrx_word' id='word_1_155' title='bbox 2723 2363 2764 2423; x_wconf 85' lang='lat'><strong>3</strong></span> 
     </span>
     <span class='ocr_line' id='line_1_21' title="bbox 400 2466 2767 2549; baseline -0.001 -18"><span class='ocrx_word' id='word_1_156' title='bbox 400 2469 599 2532; x_wconf 84' lang='lat' dir='ltr'>Fabio</span> <span class='ocrx_word' id='word_1_157' title='bbox 665 2468 951 2531; x_wconf 82' lang='lat' dir='ltr'>Maximo</span> <span class='ocrx_word' id='word_1_158' title='bbox 1017 2467 1499 2531; x_wconf 81' lang='lat' dir='ltr'>inscribendam</span> <span class='ocrx_word' id='word_1_159' title='bbox 1571 2487 1710 2531; x_wconf 90' lang='lat' dir='ltr'>esse</span> <span class='ocrx_word' id='word_1_160' title='bbox 1796 2474 2093 2549; x_wconf 87' lang='lat' dir='ltr'>censent,</span> <span class='ocrx_word' id='word_1_161' title='bbox 2159 2470 2427 2530; x_wconf 88' lang='lat' dir='ltr'>minime</span> <span class='ocrx_word' id='word_1_162' title='bbox 2493 2466 2767 2549; x_wconf 86' lang='lat' dir='ltr'>probare</span> 
     </span>
    </p>
   </div>
   <div class='ocr_carea' id='block_1_3' title="bbox 400 2578 1630 2659">
    <p class='ocr_par' dir='ltr' id='par_1_10' title="bbox 400 2578 1630 2659">
     <span class='ocr_line' id='line_1_22' title="bbox 400 2578 1630 2659; baseline -0.002 -21"><span class='ocrx_word' id='word_1_163' title='bbox 400 2595 746 2659; x_wconf 88' lang='lat' dir='ltr'>possumus</span> <span class='ocrx_word' id='word_1_164' title='bbox 793 2581 1052 2658; x_wconf 85' lang='lat' dir='ltr'>propter</span> <span class='ocrx_word' id='word_1_165' title='bbox 1097 2594 1260 2638; x_wconf 89' lang='lat' dir='ltr'>vers.</span> <span class='ocrx_word' id='word_1_166' title='bbox 1313 2578 1394 2638; x_wconf 80' lang='lat'>75</span> <span class='ocrx_word' id='word_1_167' title='bbox 1445 2594 1630 2656; x_wconf 87' lang='lat' dir='ltr'>seqq:</span> 
     </span>
    </p>
   </div>
   <div class='ocr_carea' id='block_1_4' title="bbox 700 2698 2482 3103">
    <p class='ocr_par' dir='ltr' id='par_1_11' title="bbox 701 2698 2384 2888">
     <span class='ocr_line' id='line_1_23' title="bbox 701 2698 2384 2783; baseline 0.004 -26"><span class='ocrx_word' id='word_1_168' title='bbox 701 2699 835 2762; x_wconf 87' lang='lat' dir='ltr'>»Me</span> <span class='ocrx_word' id='word_1_169' title='bbox 882 2706 1035 2763; x_wconf 90' lang='lat' dir='ltr'>tuus</span> <span class='ocrx_word' id='word_1_170' title='bbox 1081 2700 1194 2762; x_wconf 90' lang='lat' dir='ltr'>ille</span> <span class='ocrx_word' id='word_1_171' title='bbox 1239 2705 1438 2783; x_wconf 89' lang='lat' dir='ltr'>pater,</span> <span class='ocrx_word' id='word_1_172' title='bbox 1484 2698 1707 2762; x_wconf 88' lang='lat' dir='ltr'>Latiae</span> <span class='ocrx_word' id='word_1_173' title='bbox 1753 2699 2058 2763; x_wconf 84' lang='lat' dir='ltr'>facundia</span> <span class='ocrx_word' id='word_1_174' title='bbox 2105 2701 2384 2783; x_wconf 88' lang='lat' dir='ltr'>linguae,</span> 
     </span>
     <span class='ocr_line' id='line_1_24' title="bbox 709 2805 1956 2888; baseline 0.001 -20"><span class='ocrx_word' id='word_1_175' title='bbox 709 2805 888 2880; x_wconf 81' lang='lat' dir='ltr'>Quae</span> <span class='ocrx_word' id='word_1_176' title='bbox 934 2826 1067 2869; x_wconf 90' lang='lat' dir='ltr'>non</span> <span class='ocrx_word' id='word_1_177' title='bbox 1114 2806 1383 2869; x_wconf 88' lang='lat' dir='ltr'>inferior</span> <span class='ocrx_word' id='word_1_178' title='bbox 1430 2805 1770 2868; x_wconf 89' lang='lat' dir='ltr'>nobilitate</span> <span class='ocrx_word' id='word_1_179' title='bbox 1816 2805 1956 2888; x_wconf 86' lang='lat' dir='ltr'>fuit,</span> 
     </span>
    </p>

    <p class='ocr_par' dir='ltr' id='par_1_12' title="bbox 700 2912 2482 3103">
     <span class='ocr_line' id='line_1_25' title="bbox 700 2912 2482 2977; baseline 0.002 -3"><span class='ocrx_word' id='word_1_180' title='bbox 700 2912 967 2975; x_wconf 77' lang='lat' dir='ltr'>Primus</span> <span class='ocrx_word' id='word_1_181' title='bbox 1015 2918 1089 2976; x_wconf 90' lang='lat' dir='ltr'>ut</span> <span class='ocrx_word' id='word_1_182' title='bbox 1136 2912 1441 2976; x_wconf 88' lang='lat' dir='ltr'>auderem</span> <span class='ocrx_word' id='word_1_183' title='bbox 1474 2914 1894 2976; x_wconf 47' lang='lat' dir='ltr'>‘committere</span> <span class='ocrx_word' id='word_1_184' title='bbox 1921 2916 2228 2977; x_wconf 86' lang='lat' dir='ltr'>carmina</span> <span class='ocrx_word' id='word_1_185' title='bbox 2274 2915 2482 2977; x_wconf 77' lang='lat' dir='ltr'>famae</span> 
     </span>
     <span class='ocr_line' id='line_1_26' title="bbox 701 3018 2043 3103; baseline -0.002 -23"><span class='ocrx_word' id='word_1_186' title='bbox 701 3018 997 3102; x_wconf 88' lang='lat' dir='ltr'>Impulit:</span> <span class='ocrx_word' id='word_1_187' title='bbox 1046 3018 1304 3103; x_wconf 84' lang='lat' dir='ltr'>Ingenii</span> <span class='ocrx_word' id='word_1_188' title='bbox 1354 3020 1490 3082; x_wconf 77' lang='lat' dir='ltr'>dux</span> <span class='ocrx_word' id='word_1_189' title='bbox 1538 3020 1663 3083; x_wconf 88' lang='lat' dir='ltr'>fuit</span> <span class='ocrx_word' id='word_1_190' title='bbox 1711 3020 1822 3082; x_wconf 93' lang='lat' dir='ltr'>ille</span> <span class='ocrx_word' id='word_1_191' title='bbox 1868 3021 2043 3083; x_wconf 65' lang='lat' dir='ltr'>mei«</span> 
     </span>
    </p>
   </div>
   <div class='ocr_carea' id='block_1_5' title="bbox 398 3128 2760 3975">
    <p class='ocr_par' dir='ltr' id='par_1_13' title="bbox 398 3128 2760 3553">
     <span class='ocr_line' id='line_1_27' title="bbox 398 3128 2760 3228; baseline -0 -21"><span class='ocrx_word' id='word_1_192' title='bbox 398 3143 568 3207; x_wconf 87' lang='lat' dir='ltr'>Nam</span> <span class='ocrx_word' id='word_1_193' title='bbox 635 3164 717 3208; x_wconf 86' lang='lat' dir='ltr'>ex</span> <span class='ocrx_word' id='word_1_194' title='bbox 784 3145 927 3208; x_wconf 88' lang='lat' dir='ltr'>aliis</span> <span class='ocrx_word' id='word_1_195' title='bbox 994 3144 1289 3227; x_wconf 86' lang='lat' dir='ltr'>epistulis</span> <span class='ocrx_word' id='word_1_196' title='bbox 1356 3128 1436 3207; x_wconf 84' lang='lat' dir='ltr'>ad</span> <span class='ocrx_word' id='word_1_197' title='bbox 1502 3144 1751 3208; x_wconf 84' lang='lat' dir='ltr'>Cottam</span> <span class='ocrx_word' id='word_1_198' title='bbox 1818 3147 2089 3228; x_wconf 80' lang='lat' dir='ltr'>scriptiS,</span> <span class='ocrx_word' id='word_1_199' title='bbox 2153 3153 2227 3208; x_wconf 90' lang='lat' dir='ltr'>ut</span> <span class='ocrx_word' id='word_1_200' title='bbox 2246 3141 2489 3227; x_wconf 80' lang='lat' dir='ltr'>&#39;paullo</span> <span class='ocrx_word' id='word_1_201' title='bbox 2537 3150 2760 3227; x_wconf 79' lang='lat' dir='ltr'>postea</span> 
     </span>
     <span class='ocr_line' id='line_1_28' title="bbox 401 3250 2757 3335; baseline 0 -22"><span class='ocrx_word' id='word_1_202' title='bbox 401 3252 681 3335; x_wconf 89' lang='lat' dir='ltr'>amplius</span> <span class='ocrx_word' id='word_1_203' title='bbox 743 3271 1167 3335; x_wconf 77' lang='lat' dir='ltr'>exponemUS,</span> <span class='ocrx_word' id='word_1_204' title='bbox 1229 3254 1681 3335; x_wconf 89' lang='lat' dir='ltr'>cognoscimus</span> <span class='ocrx_word' id='word_1_205' title='bbox 1743 3254 1863 3314; x_wconf 89' lang='lat' dir='ltr'>hoc</span> <span class='ocrx_word' id='word_1_206' title='bbox 1921 3252 2061 3314; x_wconf 81' lang='lat' dir='ltr'>lo&#39;co</span> <span class='ocrx_word' id='word_1_207' title='bbox 2119 3252 2449 3314; x_wconf 91' lang='lat' dir='ltr'>nominem</span> <span class='ocrx_word' id='word_1_208' title='bbox 2497 3252 2624 3314; x_wconf 89' lang='lat' dir='ltr'>nisi</span> <span class='ocrx_word' id='word_1_209' title='bbox 2671 3250 2757 3313; x_wconf 89' lang='lat' dir='ltr'>M.</span> 
     </span>
     <span class='ocr_line' id='line_1_29' title="bbox 400 3356 2425 3442; baseline -0 -22"><span class='ocrx_word' id='word_1_210' title='bbox 400 3357 743 3421; x_wconf 87' lang='lat' dir='ltr'>Messalam</span> <span class='ocrx_word' id='word_1_211' title='bbox 793 3358 1162 3440; x_wconf 86' lang='lat' dir='ltr'>Corvinum,</span> <span class='ocrx_word' id='word_1_212' title='bbox 1211 3356 1430 3422; x_wconf 87' lang='lat' dir='ltr'>Cottae</span> <span class='ocrx_word' id='word_1_213' title='bbox 1475 3363 1743 3442; x_wconf 88' lang='lat' dir='ltr'>patrem,</span> <span class='ocrx_word' id='word_1_214' title='bbox 1788 3357 2078 3441; x_wconf 89' lang='lat' dir='ltr'>intellegi</span> <span class='ocrx_word' id='word_1_215' title='bbox 2123 3370 2332 3441; x_wconf 61' lang='lat' dir='ltr'>posse.</span> <span class='ocrx_word' id='word_1_216' title='bbox 2418 3364 2425 3370; x_wconf 86' lang='grc'><strong>’</strong></span> 
     </span>
     <span class='ocr_line' id='line_1_30' title="bbox 581 3462 2754 3553; baseline 0 -25"><span class='ocrx_word' id='word_1_217' title='bbox 581 3462 754 3539; x_wconf 77' lang='lat' dir='ltr'>Quin</span> <span class='ocrx_word' id='word_1_218' title='bbox 788 3469 1018 3553; x_wconf 18' lang='lat' dir='ltr'>,autem</span> <span class='ocrx_word' id='word_1_219' title='bbox 1069 3466 1323 3549; x_wconf 90' lang='lat' dir='ltr'>epistul.</span> <span class='ocrx_word' id='word_1_220' title='bbox 1371 3465 1421 3546; x_wconf 91' lang='grc' dir='ltr'>Ι,</span> <span class='ocrx_word' id='word_1_221' title='bbox 1471 3468 1509 3527; x_wconf 81' lang='lat'>5</span> <span class='ocrx_word' id='word_1_222' title='bbox 1560 3465 1770 3529; x_wconf 88' lang='lat' dir='ltr'>eidem</span> <span class='ocrx_word' id='word_1_223' title='bbox 1822 3464 2037 3528; x_wconf 85' lang='lat' dir='ltr'>Cottae</span> <span class='ocrx_word' id='word_1_224' title='bbox 2084 3464 2430 3528; x_wconf 85' lang='lat' dir='ltr'>tribuenda</span> <span class='ocrx_word' id='word_1_225' title='bbox 2478 3467 2576 3547; x_wconf 90' lang='lat' dir='ltr'>sit,</span> <span class='ocrx_word' id='word_1_226' title='bbox 2622 3486 2754 3548; x_wconf 88' lang='lat' dir='ltr'>non</span> 
     </span>
    </p>

    <p class='ocr_par' dir='ltr' id='par_1_14' title="bbox 401 3571 2179 3653">
     <span class='ocr_line' id='line_1_31' title="bbox 401 3571 2179 3653; baseline -0.001 -18"><span class='ocrx_word' id='word_1_227' title='bbox 401 3574 522 3635; x_wconf 91' lang='lat' dir='ltr'>erit</span> <span class='ocrx_word' id='word_1_228' title='bbox 570 3571 861 3653; x_wconf 88' lang='lat' dir='ltr'>dubium,</span> <span class='ocrx_word' id='word_1_229' title='bbox 909 3574 962 3635; x_wconf 90' lang='lat' dir='ltr'>si</span> <span class='ocrx_word' id='word_1_230' title='bbox 1011 3574 1206 3635; x_wconf 91' lang='lat' dir='ltr'>huius</span> <span class='ocrx_word' id='word_1_231' title='bbox 1254 3573 1559 3636; x_wconf 87' lang='lat' dir='ltr'>carminis</span> <span class='ocrx_word' id='word_1_232' title='bbox 1606 3592 1768 3636; x_wconf 74' lang='lat' dir='ltr'>vers</span> <span class='ocrx_word' id='word_1_233' title='bbox 1818 3574 1900 3635; x_wconf 78' lang='lat'>57</span> <span class='ocrx_word' id='word_1_234' title='bbox 1952 3577 2014 3635; x_wconf 91' lang='lat' dir='ltr'>et</span> <span class='ocrx_word' id='word_1_235' title='bbox 2061 3572 2179 3635; x_wconf 79' lang='lat'>58:</span> 
     </span>
    </p>

    <p class='ocr_par' dir='ltr' id='par_1_15' title="bbox 720 3677 2401 3762">
     <span class='ocr_line' id='line_1_32' title="bbox 720 3677 2401 3762; baseline 0.003 -27"><span class='ocrx_word' id='word_1_236' title='bbox 720 3677 970 3741; x_wconf 85' lang='lat' dir='ltr'>»Gloria</span> <span class='ocrx_word' id='word_1_237' title='bbox 1015 3698 1131 3741; x_wconf 83' lang='lat' dir='ltr'>vos</span> <span class='ocrx_word' id='word_1_238' title='bbox 1181 3685 1386 3761; x_wconf 87' lang='lat' dir='ltr'>acuat,</span> <span class='ocrx_word' id='word_1_239' title='bbox 1433 3699 1568 3761; x_wconf 83' lang='lat' dir='ltr'>VOS,</span> <span class='ocrx_word' id='word_1_240' title='bbox 1614 3685 1690 3742; x_wconf 91' lang='lat' dir='ltr'>ut</span> <span class='ocrx_word' id='word_1_241' title='bbox 1736 3681 2001 3742; x_wconf 88' lang='lat' dir='ltr'>recitata</span> <span class='ocrx_word' id='word_1_242' title='bbox 2045 3677 2401 3762; x_wconf 82' lang='lat' dir='ltr'>probentur</span> 
     </span>
    </p>

    <p class='ocr_par' dir='ltr' id='par_1_16' title="bbox 402 3785 2437 3975">
     <span class='ocr_line' id='line_1_33' title="bbox 723 3785 1988 3869; baseline -0.004 -22"><span class='ocrx_word' id='word_1_243' title='bbox 723 3785 1040 3867; x_wconf 80' lang='lat' dir='ltr'>Carmina,</span> <span class='ocrx_word' id='word_1_244' title='bbox 1085 3785 1318 3849; x_wconf 88' lang='lat' dir='ltr'>Pieriis</span> <span class='ocrx_word' id='word_1_245' title='bbox 1363 3786 1701 3869; x_wconf 87' lang='lat' dir='ltr'>invigilate</span> <span class='ocrx_word' id='word_1_246' title='bbox 1750 3786 1988 3847; x_wconf 85' lang='lat' dir='ltr'>choris«</span> 
     </span>
     <span class='ocr_line' id='line_1_34' title="bbox 402 3889 2437 3975; baseline 0 -22"><span class='ocrx_word' id='word_1_247' title='bbox 402 3893 988 3975; x_wconf 87' lang='lat' dir='ltr'>comparaverimus</span> <span class='ocrx_word' id='word_1_248' title='bbox 1036 3912 1184 3955; x_wconf 90' lang='lat' dir='ltr'>cum</span> <span class='ocrx_word' id='word_1_249' title='bbox 1233 3912 1328 3974; x_wconf 88' lang='lat' dir='ltr'>ep.</span> <span class='ocrx_word' id='word_1_250' title='bbox 1377 3912 1460 3956; x_wconf 86' lang='lat' dir='ltr'>ex</span> <span class='ocrx_word' id='word_1_251' title='bbox 1505 3889 1714 3955; x_wconf 89' lang='lat' dir='ltr'>Ponto</span> <span class='ocrx_word' id='word_1_252' title='bbox 1762 3890 1877 3971; x_wconf 92' lang='lat' dir='ltr'>IV,</span> <span class='ocrx_word' id='word_1_253' title='bbox 1928 3892 2008 3952; x_wconf 88' lang='grc'>16</span> <span class='ocrx_word' id='word_1_254' title='bbox 2057 3910 2114 3950; x_wconf 80' lang='lat' dir='ltr'>v,</span> <span class='ocrx_word' id='word_1_255' title='bbox 2163 3893 2243 3953; x_wconf 88' lang='grc'>41</span> <span class='ocrx_word' id='word_1_256' title='bbox 2298 3905 2437 3973; x_wconf 87' lang='lat' dir='ltr'>seq:</span> 
     </span>
    </p>
   </div>
   <div class='ocr_carea' id='block_1_6' title="bbox 397 4014 2756 4207">
    <p class='ocr_par' dir='ltr' id='par_1_17' title="bbox 397 4014 2756 4207">
     <span class='ocr_line' id='line_1_35' title="bbox 397 4014 2756 4100; baseline 0.003 -26"><span class='ocrx_word' id='word_1_257' title='bbox 397 4016 511 4080; x_wconf 73' lang='lat' dir='ltr'>»Te</span> <span class='ocrx_word' id='word_1_258' title='bbox 530 4022 746 4080; x_wconf 89' lang='lat' dir='ltr'>tamen</span> <span class='ocrx_word' id='word_1_259' title='bbox 766 4018 836 4079; x_wconf 90' lang='lat' dir='ltr'>in</span> <span class='ocrx_word' id='word_1_260' title='bbox 860 4016 1079 4080; x_wconf 86' lang='lat' dir='ltr'>turba«</span> <span class='ocrx_word' id='word_1_261' title='bbox 1100 4054 1183 4061; x_wconf 92' lang='lat'><em>-</em></span> <span class='ocrx_word' id='word_1_262' title='bbox 1206 4035 1440 4100; x_wconf 90' lang='lat' dir='ltr'>nempe</span> <span class='ocrx_word' id='word_1_263' title='bbox 1460 4022 1798 4100; x_wconf 90' lang='lat' dir='ltr'>poetarum</span> <span class='ocrx_word' id='word_1_264' title='bbox 1821 4052 1903 4060; x_wconf 84' lang='lat'>——</span> <span class='ocrx_word' id='word_1_265' title='bbox 1934 4033 2093 4077; x_wconf 90' lang='lat' dir='ltr'>»non</span> <span class='ocrx_word' id='word_1_266' title='bbox 2114 4016 2323 4078; x_wconf 87' lang='lat' dir='ltr'>ausim</span> <span class='ocrx_word' id='word_1_267' title='bbox 2346 4014 2527 4079; x_wconf 87' lang='lat' dir='ltr'>Cotta</span> <span class='ocrx_word' id='word_1_268' title='bbox 2547 4018 2756 4097; x_wconf 91' lang='lat' dir='ltr'>silere,</span> 
     </span>
     <span class='ocr_line' id='line_1_36' title="bbox 397 4122 1774 4207; baseline -0.003 -22"><span class='ocrx_word' id='word_1_269' title='bbox 397 4122 731 4186; x_wconf 88' lang='lat' dir='ltr'>Pieridum</span> <span class='ocrx_word' id='word_1_270' title='bbox 779 4124 1003 4187; x_wconf 90' lang='lat' dir='ltr'>lumen</span> <span class='ocrx_word' id='word_1_271' title='bbox 1049 4123 1576 4207; x_wconf 86' lang='lat' dir='ltr'>praesidiumque</span> <span class='ocrx_word' id='word_1_272' title='bbox 1622 4123 1774 4185; x_wconf 89' lang='lat' dir='ltr'>fori«</span> 
     </span>
    </p>
   </div>
   <div class='ocr_carea' id='block_1_7' title="bbox 392 4251 493 4259">
    <p class='ocr_par' dir='ltr' id='par_1_18' title="bbox 392 4251 493 4259">
     <span class='ocr_line' id='line_1_37' title="bbox 392 4251 493 4259; baseline 0 -4"><span class='ocrx_word' id='word_1_273' title='bbox 392 4251 493 4259; x_wconf 39' lang='grc' dir='ltr'>,ψη</span> 
     </span>
    </p>
   </div>
   <div class='ocr_carea' id='block_1_8' title="bbox 502 4252 659 4256">
    <p class='ocr_par' dir='ltr' id='par_1_19' title="bbox 502 4252 659 4256">
     <span class='ocr_line' id='line_1_38' title="bbox 502 4252 659 4256; baseline 0 0"><span class='ocrx_word' id='word_1_274' title='bbox 502 4252 659 4256; x_wconf 95' lang='lat' dir='ltr'> </span> 
     </span>
    </p>
   </div>
   <div class='ocr_carea' id='block_1_9' title="bbox 546 4278 2454 4369">
    <p class='ocr_par' dir='ltr' id='par_1_20' title="bbox 546 4278 2454 4369">
     <span class='ocr_line' id='line_1_39' title="bbox 546 4278 2454 4369; baseline -0.001 -17"><span class='ocrx_word' id='word_1_275' title='bbox 546 4300 585 4369; x_wconf 88' lang='lat'>¹)</span> <span class='ocrx_word' id='word_1_276' title='bbox 624 4300 689 4352; x_wconf 91' lang='lat' dir='ltr'>cf.</span> <span class='ocrx_word' id='word_1_277' title='bbox 763 4278 927 4353; x_wconf 69' lang='lat' dir='ltr'>Kbrn.</span> <span class='ocrx_word' id='word_1_278' title='bbox 969 4300 1131 4366; x_wconf 79' lang='lat' dir='ltr'>praef.</span> <span class='ocrx_word' id='word_1_279' title='bbox 1174 4300 1240 4351; x_wconf 84' lang='lat' dir='ltr'>ad</span> <span class='ocrx_word' id='word_1_280' title='bbox 1279 4298 1406 4352; x_wconf 88' lang='lat' dir='ltr'>edit.</span> <span class='ocrx_word' id='word_1_281' title='bbox 1446 4297 1606 4366; x_wconf 78' lang='lat' dir='ltr'>epist.</span> <span class='ocrx_word' id='word_1_282' title='bbox 1647 4314 1713 4349; x_wconf 80' lang='lat' dir='ltr'>ex</span> <span class='ocrx_word' id='word_1_283' title='bbox 1749 4297 1936 4364; x_wconf 83' lang='lat' dir='ltr'>Ponto,</span> <span class='ocrx_word' id='word_1_284' title='bbox 1975 4305 2110 4367; x_wconf 57' lang='lat' dir='ltr'>pag.⁴</span> <span class='ocrx_word' id='word_1_285' title='bbox 2135 4298 2375 4352; x_wconf 83' lang='lat' dir='ltr'><strong>XXXII.</strong></span> <span class='ocrx_word' id='word_1_286' title='bbox 2449 4356 2454 4360; x_wconf 59' lang='grc'>,</span> 
     </span>
    </p>
   </div>
  </div>
 </body>
</html>
