3123 4869
1955 348 2218 373 aaaaaa

535 1219 654 1321 Ex
725 1259 1023 1322 versibus
1089 1257 1245 1337 illis,
1307 1275 1468 1338 quos
1534 1257 1600 1318 in
1651 1257 1858 1338 prima
1918 1255 2194 1338 epistula
2244 1274 2326 1317 ex
2372 1254 2582 1319 Ponto
2630 1252 2712 1318 ad

355 1367 635 1428 Brutum
683 1367 882 1428 missa
925 1366 1236 1448 legimus:

613 1471 863 1536 »Rebus
909 1473 1103 1552 idem,
1150 1470 1338 1534 titulo
1388 1469 1616 1532 differt.
1707 1467 1791 1531 Et
1838 1470 2114 1552 epistula
2162 1469 2268 1531 cui
2317 1469 2399 1530 sit

617 1578 764 1641 Non
815 1579 1132 1643 occultato
1180 1578 1443 1640 nomine
1489 1577 1689 1638 missa
1736 1575 1948 1640 docet«

359 1687 809 1768 cognoscimus
870 1683 1087 1755 Ovidii
1140 1685 1347 1767 :ipsius
1408 1683 1731 1747 sententia
1786 1683 1903 1745 has
1970 1683 2279 1766 epistulas
2338 1702 2411 1746 eo
2460 1687 2714 1746 tantum

361 1782 674 1876 distingui
723 1812 760 1854 a
812 1791 1120 1855 Tristium
1179 1791 1420 1874 elegiis,
1479 1789 1651 1871 quod
1708 1791 1776 1851 111
1825 1789 1955 1852 11118
2003 1791 2195 1867 viros,
2245 1788 2326 1852 ad
2376 1809 2536 1872 quos
2584 1791 2716 1853 sint

360 1900 652 1981 scriptae,
693 1900 1080 1962 nominatim
1111 1897 1431 1961 allocutus
1471 1901 1583 1959 est.
1660 1894 1846 1970 Quod
1885 1915 1968 1959 ne
2005 1898 2076 1958 in
2103 1895 2421 1959 Tristibus
2457 1896 2715 1977 faceret,

360 2026 511 2067 eum
569 2006 723 2068 artis
779 2006 1066 2068 maxime
1125 2005 1337 2067 causis
1403 2008 1797 2066 commotum
1857 2021 1995 2066 esse
2013 2005 2078 2083 l),
2146 2008 2219 2066 ut
2285 2009 2347 2067 et
2401 2005 2715 2067 miserum

365 2113 824 2194 desertumque
873 2132 910 2174 a
956 2113 1092 2174 suis
1149 2117 1212 2174 et
1264 2112 1589 2174 maximae
1644 2110 1955 2193 principis
2000 2111 2401 2174 reverentiae
2447 2112 2716 2195 plenum

369 2239 436 2281 se
497 2219 898 2302 depingeret,
958 2219 1226 2281 minime
1287 2217 1475 2280 nobis
1531 2217 1790 2280 videtur
1847 2236 1984 2280 esse
2046 2217 2413 2282 verisimile.
2507 2217 2716 2280 Immo

362 2346 537 2405 vero,
585 2344 666 2388 ne
714 2326 954 2387 amicos
1002 2344 1152 2387 suos
1216 2325 1286 2386 in
1335 2323 1623 2387 Caesaris
1670 2323 1985 2385 invidiam
2025 2324 2406 2404 adduceret,
2453 2327 2720 2387 nomina

364 2452 589 2496 eorum
646 2432 907 2496 reticuit
966 2439 1169 2516 poeta.
1264 2429 1435 2505 Quin
1498 2432 1675 2494 enim
1736 2431 2111 2514 Augustus,
2176 2432 2443 2514 quinam
2505 2439 2720 2496 essent

365 2538 580 2601 ovidii
628 2540 838 2620 amici,
886 2539 1060 2601 haud
1107 2539 1514 2622 ignoraverit,
1565 2541 1960 2621 quamquam
2016 2558 2149 2601 non
2197 2557 2547 2621 possumus
2595 2540 2714 2602 du-

365 2646 587 2726 bitare,
634 2651 852 2709 tamen
902 2664 1052 2709 eum
1100 2647 1241 2709 iure
1287 2645 1488 2709 fuisse
1536 2644 2049 2728 indignaturum,
2110 2646 2164 2708 si
2212 2646 2276 2725 ii,
2325 2645 2719 2728 quibuscum

365 2753 800 2816 familiaritate
863 2754 1250 2816 coniunctus
1314 2758 1472 2832 erat,
1547 2771 1956 2834 quorumque
2016 2752 2207 2815 multi
2255 2759 2437 2816 erant
2463 2772 2720 2836 ·magna
2761 2810 2766 2815 .

365 2861 434 2920 in
499 2859 834 2942 republica
901 2861 1306 2941 auctoritate,
1371 2879 1520 2923 cum
1590 2857 1821 2921 Ovidio
1890 2860 2082 2922 etiam
2143 2864 2288 2941 post
2353 2860 2494 2922 eius
2558 2860 2720 2921 rele-

366 2968 693 3048 gationem
743 2971 873 3027 tam
923 2970 1216 3048 apertum
1264 2966 1642 3028 habuissent
1688 2985 1901 3045 usum,
1950 2966 2061 3047 qui
2109 2984 2192 3028 ne
2230 2966 2720 3029 multitudinem

369 3072 631 3154 quidem
678 3072 809 3134 illis
858 3072 1255 3135 carminibus
1301 3071 1648 3156 publicatis
1699 3072 1979 3155 fugeret,
2025 3071 2213 3134 facile
2261 3072 2719 3155 intellegimus

367 3178 706 3241 Praeterea
753 3177 1027 3241 Ovidius
1074 3180 1212 3262 ipse
1248 3180 1318 3240 in
1354 3178 1662 3241 Tristium
1712 3178 1935 3261 elegiis
1975 3178 2722 3261 saepissimeprofitetur

370 3303 508 3347 sese
553 3304 765 3367 neque
819 3304 1006 3369 posse
1060 3286 1396 3348 nominare
1457 3286 1698 3348 amicos
1758 3303 1971 3367 neque
2037 3285 2183 3347 illos
2230 3284 2400 3347 velle
2447 3286 2514 3347 id
2561 3285 2722 3366 fieri,

370 3391 550 3453 velut
595 3391 778 3454 Trist.
826 3390 933 3454 lib.
981 3391 1044 3452 V
1093 3392 1249 3475 eleg.
1291 3395 1328 3454 9
1376 3411 1540 3455 vers,
1594 3394 1626 3453 1
1679 3410 1840 3473 seq.:

687 3497 770 3559 »O
819 3504 933 3561 tua
979 3500 1032 3561 si
1082 3500 1326 3562 sineres
1372 3500 1442 3561 in
1488 3500 1726 3561 nostris
1771 3499 2037 3560 nomina
2081 3499 2236 3581 poni

693 3604 1118 3686 Carminibus
1164 3607 1412 3688 positus
1461 3625 1656 3686 quam
1702 3605 1865 3668 mihi
1912 3624 2101 3688 saepe
2146 3605 2373 3668 foresl«

374 3717 564 3791 atque
625 3730 705 3772 ex
756 3730 852 3794 ep.
901 3731 983 3774 ex
1043 3710 1251 3774 Ponto
1312 3711 1445 3791 III,
1509 3714 1547 3773 6
1612 3713 2060 3795 cognoscimus
2118 3714 2311 3775 etiam
2371 3713 2724 3795 posteriore

375 3822 658 3899 tempore
719 3819 1001 3882 amicum
1051 3819 1393 3901 quendam,
1450 3837 1602 3880 cum
1658 3819 1725 3881 id
1787 3824 2002 3881 tutum
2049 3838 2176 3881 11011
2231 3837 2370 3881 esse
2418 3819 2725 3900 crederet,

375 3941 611 3985 nomen
660 3943 853 3986 suum
899 3926 970 3986 in
1019 3923 1235 3987 Ovidii
1284 3924 1680 3988 carminibus
1728 3924 2035 4008 appellari
2098 3924 2403 3987 noluisse.
2494 3925 2725 4007 Itaque

376 4033 628 4108 poetam
668 4036 807 4091 tum
847 4031 1128 4112 demum,
1177 4050 1328 4094 cum
1373 4032 1660 4113 Augusti
1696 4032 1857 4093 iram
1895 4031 2307 4094 imminutam
2357 4051 2495 4095 esse
2544 4032 2727 4095 audi-

523 4204 561 4269 1)
599 4204 661 4255 Id
701 4205 843 4256 enim
881 4206 1125 4258 Woelf
1133 4206 1325 4261 elius
1363 4207 1419 4259 in
1457 4207 1681 4274 praefat.
1722 4207 1788 4259 ad
1827 4206 2057 4260 version.
2131 4205 2387 4259 Tristium
2427 4224 2547 4277 pag.
2592 4212 2729 4260 1835

380 4288 524 4342 dicit.

2377 4391 2398 4437 1
