3123 4869
1330 262 1722 319 —5-

348 439 630 520 quodam
668 437 865 500 Plinii
884 438 928 519 l)
976 445 1149 500 recte
1197 437 1663 500 concludemus
1702 456 1850 499 eum
1891 437 2238 498 helnonem
2276 435 2494 515 fuisse,
2545 454 2692 496 nam

348 545 453 607 hic
509 545 693 608 cibus
753 549 1006 608 tantum
1054 544 1132 607 ab
1180 544 1293 606 illo
1351 544 1745 625 compositus
1794 548 2348 605 commemoratur.
2440 541 2696 604 Tacitus

348 656 563 715 autem
614 649 861 714 Cottam
918 653 1134 713 virum
1202 651 1375 713 haud
1423 651 1643 713 minus
1690 650 1879 713 claris
1926 649 2279 712 maioribus
2341 669 2535 731 quam
2581 648 2698 711 Le-

347 757 600 842 pidum,
649 758 762 821 sed
810 760 1045 844 animo·
1074 757 1402 821 diversum
1469 757 1664 840 (Ann.
1731 756 1826 836 II,
1892 756 2029 837 32),
2108 756 2213 819 vel
2288 757 2698 820 saevissimae

349 866 666 947 cuiusque
729 867 1084 928 sententiae
1142 869 1470 927 auctorem
1535 883 1741 946 eoque
1799 865 2154 926 inveterata
2207 863 2455 954 invidia
2501 863 2698 946 (Ann.

349 971 464 1052 VI,
511 970 579 1053 5)
627 975 690 1034 et
734 972 953 1054 paullo
1003 972 1173 1034 infra
1219 973 1547 1034 hominem
1596 971 1881 1034 nobilem
1922 971 2203 1053 quidem,
2252 970 2363 1033 sed
2404 977 2697 1053 egentem

351 1079 430 1141 ob
470 1079 722 1151 luxum,
771 1098 887 1162 per
923 1078 1168 1162 flagitia
1205 1078 1513 1141 infamem
1561 1078 1758 1162 (Anu.
1800 1076 1911 1157 VI,
1955 1077 2016 1159 7)
2065 1077 2343 1161 appellat
2389 1082 2469 1154 et,
2526 1077 2699 1158 quod

350 1185 678 1249 Tiberium
708 1185 1040 1249 humiliter
1069 1186 1445 1267 abiecteque
1476 1184 1777 1247 adulatus
1809 1178 2225 1266 insontesque
2256 1183 2701 1246 crudelissime

346 1299 726 1375 persecutus
798 1294 896 1372 sit,
959 1293 1377 1356 vehementer
1437 1310 1586 1354 eum
1633 1291 2026 1373 vituperat2).
2136 1288 2277 1365 Qua
2335 1292 2401 1352 in
2448 1311 2518 1356 re
2565 1292 2702 1353 sive

346 1401 623 1483 scriptor
677 1399 787 1463 ille
845 1419 976 1462 non
1025 1401 1164 1462 sine
1226 1400 1324 1461 ira
1371 1403 1433 1461 et
1493 1398 1706 1460 studio
1753 1398 2081 1483 iudicavit,
2128 1399 2501 1481 praesertim
2550 1417 2702 1459 cum

351 1505 570 1569 Cottae
617 1511 829 1589 partes
877 1526 1009 1569 non
1059 1513 1457 1588 sequeretur,
1506 1506 1642 1569 sive
1689 1524 1841 1568 vera
1886 1506 2152 1569 tradidit
2166 1504 2247 1588 3),
2306 1511 2522 1568 tamen
2570 1525 2703 1567 non

350 1620 445 1677 est
493 1612 943 1694 dubitandum,
993 1614 1151 1695 quin
1201 1631 1424 1675 revera
1473 1610 1748 1675 Ovidius
1797 1633 1834 1675 a
1882 1611 2065 1675 Cotta
2109 1612 2314 1676 multa
2361 1617 2424 1676 et
2468 1632 2704 1695 magna

349 1721 667 1804 acceperit
711 1720 1042 1800 beneficia,
1091 1729 1240 1782 cum
1287 1719 1475 1781 illum
1525 1739 1677 1783 suos
1736 1720 1923 1782 donis
1969 1720 2329 1803 largissime
2378 1719 2708 1809 adiuvisse

351 1834 412 1891 et
458 1828 784 1890 hominem
823 1827 1158 1891 liberalem
1197 1845 1265 1890 se
1302 1826 1679 1910 praebuisse
1718 1827 1863 1889 aliis
1902 1846 2162 1910 quoque
2202 1827 2516 1910 exemplis
2555 1845 2708 1888 con-

347 1933 657 1998 firmetur.
748 1933 950 1997 Velut
994 1933 1037 1996 J
1039 1934 1335 1997 uvenalis
1382 1935 1450 1995 in
1498 1935 1671 1996 satir.
1720 1934 1771 2015 I,
1820 1937 1859 1996 5
1907 1954 1965 1995 v.
2019 1935 2144 1998 109
2195 1933 2382 1996 dicit:

776 2039 985 2115 »Quae
1031 2039 1182 2103 Piso
1230 2039 1459 2121 bonUS,
1507 2058 1673 2123 quae
1721 2039 1902 2103 Cotta
1948 2040 2192 2104 solebat

775 2146 1061 2231 Largiri«

351 2255 653 2336 idemque
701 2255 982 2318 ostendit
1018 2256 1353 2338 inscriptio
1403 2255 1721 2338 quaedam
1770 2257 1837 2315 in
1886 2253 2179 2337 sepulcro
2219 2255 2425 2316 incisa
2460 2254 2707 2335 Aureli,

353 2359 570 2424 Cottae
616 2359 890 2424 Maximi
937 2361 1169 2444 liberti,
1218 2361 1476 2443 Zosimi,
1522 2361 1594 2424 in
1643 2381 1772 2445 qua
1819 2361 2109 2424 distichis
2156 2360 2420 2445 largitas
2460 2361 2706 2423 domini

352 2469 726 2547 laudatur4).

529 2574 922 2657 Priusquam
970 2582 1185 2640 autem
1235 2595 1327 2657 ea,
1377 2596 1542 2659 quae
1594 2595 1677 2639 ex
1716 2574 1949 2639 Ovidio
1988 2578 2125 2659 ipso
2160 2576 2242 2639 ad
2281 2574 2499 2639 Cottae
2546 2578 2706 2666 ima·

352 2684 569 2766 ginem
637 2681 1153 2746 adumbrandam
1220 2684 1490 2766 eiusque
1556 2702 1772 2747 mores
1838 2683 2320 2766 cognoscendos
2404 2682 2707 2766 colligere

353 2808 715 2872 possumus,
765 2807 1186 2872 exponamus,
1233 2809 1366 2853 non
1414 2790 1702 2854 alienum
1764 2789 1952 2853 nobis
1997 2790 2256 2854 videtur
2302 2807 2441 2853 esse
2497 2790 2707 2853 brevi-

353 2903 450 2959 ter
489 2897 943 2977 demonstrare,
983 2916 1300 2979 quaenam
1339 2897 1654 2980 epistulae
1694 2915 1776 2959 ex
1813 2895 2021 2960 Ponto
2061 2897 2141 2960 ad
2182 2896 2430 2961 Cottam
2468 2895 2708 2959 Messa·

356 3003 564 3066 linum
612 3004 742 3065 sint
788 3004 1077 3086 scriptae.
1171 3002 1508 3066 Interdum
1570 3005 1743 3066 enim
1809 3010 1998 3086 poeta
2056 3005 2127 3067 in
2173 3004 2304 3067 illis
2349 3002 2533 3066 nulla
2579 3004 2708 3064 nisi

356 3110 741 3173 allocutione
797 3108 1141 3172 »Maxime«
1205 3129 1364 3173 usus
1429 3115 1542 3190 est,
1601 3115 1674 3173 ut
1735 3111 1991 3193 saepius
2050 3110 2439 3191 dubitemus,
2490 3115 2707 3171 utrum

357 3218 626 3304 epistola
691 3216 910 3280 Cottae
975 3215 1322 3280 Messalino
1391 3236 1472 3279 an
1538 3215 1768 3279 Paullo
1835 3215 2032 3279 Fabio
2098 3216 2384 3280 Maximo
2450 3217 2532 3278 sit
2596 3218 2708 3278 tri-

357 3323 631 3387 buenda.
739 3321 1050 3387 Codicum
1125 3329 1342 3387 autem
1414 3323 1946 3407 inscriptionibus
2016 3323 2199 3386 nulla
2258 3322 2552 3387 habenda
2612 3329 2708 3387 est

355 3430 532 3512 fides,
581 3450 731 3493 cum
777 3430 1162 3514 plerumque
1209 3431 1373 3493 nihil
1420 3430 1771 3514 praebeant
1827 3431 1954 3493 nisi
2010 3430 2115 3493 vel
2160 3430 2270 3493 »ad
2316 3427 2709 3492 Maximum«

359 3540 459 3601 vel
491 3537 807 3601 Maximo«
839 3538 944 3601 vel
975 3537 1290 3601 »Maximo
1325 3539 1531 3601 amico
1582 3556 1727 3601 suo«
1766 3543 1827 3601 et
1864 3537 2086 3601 titulos
2119 3536 2534 3621 epistolarum
2569 3536 2708 3598 illa-

505 3770 544 3836 1)
581 3768 850 3821 Plinius
885 3766 953 3821 Η.
992 3768 1061 3821 N.
1100 3767 1172 3835 X,
1213 3771 1280 3821 22
1320 3767 1351 3834 ξ
1392 3772 1457 3821 57
1476 3767 1579 3832 βᾶ.
1620 3766 1808 3836 Sillig:
1867 3766 1997 3821 »Sed
2036 3766 2177 3835 quod
2228 3768 2457 3832 constat,
2495 3763 2704 3818 Messa·

358 3854 504 3910 linus
543 3856 725 3925 Cotta,
775 3855 1046 3912 Messalae
1096 3856 1320 3911 oratoris
1370 3855 1534 3922 filius,
1587 3855 1794 3924 palmas
1838 3855 2038 3925 pedum
2075 3872 2145 3908 ex
2180 3855 2268 3909 his
2307 3857 2506 3908 torrere
2544 3858 2707 3921 atque

359 3944 561 4011 patinis
616 3962 741 4000 cum
797 3946 1221 4015 gallinaceorum
1279 3944 1461 3999 cristis
1517 3944 1735 3999 condire
1771 3945 2001 4013 reperit3
2060 3944 2336 3998 tribuetur
2370 3943 2516 3996 enim
2554 3957 2586 3996 a
2622 3959 2707 3995 me

361 4033 559 4088 culinis
596 4034 862 4103 cuiusque
898 4034 1081 4103 palma
1118 4051 1243 4089 cum
1279 4034 1400 4087 fide.

502 4122 543 4191 Ξ)
582 4125 721 4178 Ann.
759 4123 831 4190 ΙΙ,
870 4128 955 4178 32.
1028 4123 1123 4190 IV,
1163 4128 1247 4177 20.
1321 4122 1388 4190 V,
1427 4129 1476 4177 3.

502 4212 544 4279 ³)
582 4216 645 4266 ut
680 4216 827 4266 recte
864 4214 922 4266 in
958 4213 1153 4268 Annal.
1191 4213 1368 4266 instit,
1407 4213 1552 4266 arch.
1591 4211 1868 4265 XXXVII
1905 4228 2023 4281 pag.
2069 4215 2147 4265 10.
2188 4210 2405 4265 dicitur.

503 4302 545 4370 ⁴)
584 4301 840 4371 Legimus
876 4303 1022 4356 hunc
1062 4301 1286 4356 titulum
1323 4301 1382 4353 in
1418 4317 1540 4356 ann.
1580 4301 1709 4354 inst.
1748 4301 1890 4355 arch.
1930 4301 1964 4354 1.
2005 4317 2051 4354 c.
2091 4318 2139 4368 p.
2180 4304 2228 4353 6.
