3123 4869
1335 275 1773 335 ..24-..

372 457 514 534 post
597 452 1003 513 consulatum
1087 452 1272 513 annis
1347 452 1690 534 proconsul
1768 452 1965 514 Asiae
2046 452 2195 531 fuit,
2279 459 2350 514 ut
2413 472 2495 515 ex
2558 453 2731 534 frag-

372 563 589 621 mento
672 558 903 620 decreti
981 557 1318 620 cuiusdam
1381 559 1451 620 in
1522 559 1832 621 honorem
1895 556 2088 621 huius
2144 560 2267 620 viri
2329 559 2407 622 ab
2465 560 2729 621 Asianis

373 665 524 727 facti
568 665 1018 747 cognoscimus
1036 665 1095 745 1).
1190 664 1467 728 Videtur
1513 671 1730 728 autem
1778 665 2049 728 Paullus
2095 664 2335 728 Fabius
2382 665 2730 733 Maximus,

377 791 525 834 cum
575 771 697 833 hoc
744 789 1012 834 munere
1057 772 1125 833 in
1174 772 1334 833 Asia
1377 772 1774 854 fungeretur,
1823 771 2126 851 effecisse,
2174 778 2246 834 ut
2302 773 2496 835 urbes
2534 773 2732 835 Asiae

378 878 548 940 diem
594 879 875 941 natalem
921 879 1202 961 Augusti
1251 880 1372 940 rite
1421 878 1945 941 concelebrarent
1965 881 2031 957 ἱ’).

556 984 895 1047 Praeterea
951 986 1199 1047 nummi
1263 985 1524 1067 quidam
1574 992 1725 1047 sunt
1781 988 2043 1061 servati.
2094 1007 2370 1068 quorum
2417 989 2486 1051 in
2534 988 2734 1049 altero

380 1112 461 1155 ex
507 1091 837 1174 Hierapoli
886 1091 1208 1175 Phrygiae
1254 1093 1639 1174 inscriptum
1686 1099 1808 1155 est:
1875 1088 2149 1172 »Φάβιος
2197 1089 2525 1176 Μάξιμος<<
2585 1113 2737 1154 cuni

378 1198 559 1261 Fabii
608 1198 783 1260 nudo
833 1200 1038 1282 capite
1055 1200 1122 1278 3),
1170 1200 1239 1260 111
1287 1199 1485 1262 altero
1544 1217 1627 1261 ex
1653 1248 1659 1254 .
1682 1199 2083 1263 Hadrumeto
2139 1200 2513 1281 Bycacenes
2573 1201 2738 1263 urbe

378 1307 694 1389 principe:
790 1306 985 1367 »Apa
1051 1304 1158 1367 ΕΑ.
1229 1305 1399 1367 MAx.
1467 1326 1588 1368 cos,
1669 1327 1905 1369 PRocos
1983 1307 2113 1370 VII
2183 1329 2301 1370 vm.
2397 1307 2735 1389 EPUL0«4J).

380 1412 631 1476 Nomen
682 1418 899 1475 autem
948 1415 1088 1475 0100
1134 1415 1503 1477 invenimus
1564 1417 1632 1476 in
1681 1422 1890 1478 statua
1939 1435 2223 1497 quoque,
2288 1434 2452 1496 quae
2507 1415 2739 1478 Paullo

381 1519 669 1582 Maximo
693 1540 730 1581 a
766 1521 1001 1602 populo
1041 1520 1424 1583 Atheniensi
1463 1522 1738 1585 Athenis
1758 1524 1827 1584 in
1864 1520 2223 1585 Erechtheo
2265 1529 2398 1585 erat
2435 1523 2638 1604 posita
2658 1524 2738 1599 5);

372 1621 456 1690 ‘0
499 1628 702 1710 δῆμος
741 1627 1038 1690 Παῦλλον
1079 1622 1319 1705 Φάβιον
1350 1623 1646 1710 Μάξιμον
1687 1624 1922 1712 ἀρετῆς
1963 1627 2170 1692 ἕνεκεν
2209 1633 2329 1711 τῆς
2370 1629 2459 1704 εἰς
2498 1623 2739 1693 ἑαυτόν.

377 1729 798 1814 Ἀντίγνωτος
846 1731 1185 1815 §minoem

562 1841 697 1903 Vix
745 1847 960 1903 autem
1001 1842 1344 1923 quisquam
1393 1848 1533 1904 tum
1583 1861 1730 1905 cum
1769 1844 2066 1926 Augusto
2116 1846 2499 1927 imperatore
2538 1845 2743 1906 artius

387 1956 521 2012 erat
569 1949 952 2010 coniunctus
999 1949 1297 2029 amicitia,
1347 1970 1541 2032 quam
1590 1950 1861 2013 Paullus
1898 1949 2136 2014 Fabius
2175 1950 2520 2015 Maximus
2600 1948 2744 2024 Qua

384 2058 456 2118 in
503 2075 571 2118 re
620 2074 842 2118 omnes
890 2056 1067 2117 illius
1114 2057 1339 2119 aetatis
1387 2058 1728 2140 scriptores
1791 2059 2200 2121 consentiunt
2247 2059 2427 2120 velut
2475 2055 2744 2132 Quintil.

386 2163 500 2242 VI,
539 2164 596 2241 3,
637 2164 737 2224 52.
786 2161 975 2224 Tacit.
1024 2164 1195 2225 Ann.
1236 2163 1285 2243 Ι,
1325 2166 1381 2225 5.
1421 2163 1746 2226 Plutarch.
1796 2165 1874 2227 de
1920 2166 2207 2247 garrulit.
2249 2163 2348 2226 XI
2370 2167 2437 2243 6),
2484 2163 2746 2227 Plinius

387 2269 467 2332 H.
515 2268 591 2332 N.
640 2268 788 2349 VII,
836 2272 937 2347 45.
988 2268 1128 2345 Quo
1175 2271 1417 2334 factum
1467 2278 1579 2351 est,
1627 2277 1699 2335 ut
1746 2273 2140 2354 Augustum,
2189 2291 2339 2335 cum
2375 2271 2746 2333 Planasiam

387 2376 916 2461 proficisceretur,
956 2397 1168 2441 comes
1207 2398 1378 2441 unus
1405 2386 1903 2462 prosequeretur
1941 2384 2003 2442 et
2032 2380 2311 2443 sermoni
2348 2380 2519 2441 inter
2555 2378 2744 2441 11111111
2774 2361 2777 2363 Α

391 2492 452 2548 01
476 2485 829 2568 Agrippam
867 2484 1253 2548 Postumum
1292 2486 1507 2549 habito
1547 2488 1899 2550 interesset.
1967 2486 2154 2550 Hanc
2194 2493 2416 2574 autem*
2448 2486 2746 2548 intimam

389 2593 889 2654 familiaritatem
955 2613 1085 2654 non
1151 2593 1361 2654 solum
1427 2593 1877 2657 benevolentia
1957 2599 2018 2656 et
2081 2595 2289 2672 favor,
2363 2594 2472 2656 sed
2550 2594 2744 2655 etiam

392 2698 668 2761 affinitas
709 2698 928 2761 effecit.
1006 2699 1190 2761 Uxor
1221 2701 1392 2761 enim
1432 2700 1646 2763 Paulli
1693 2699 1875 2764 Fabii
1915 2700 2205 2766 Maximi.
2252 2700 2568 2778 Marcia7).
2633 2719 2750 2782 per

540 2983 578 3050 l)
620 2982 675 3035 C.
714 2983 761 3034 J.
805 2981 890 3034 Gr.
933 2982 1035 3035 vol.
1076 2982 1172 3048 ΠΙ,
1210 2999 1329 3052 pag.
1372 2987 1437 3036 24
1478 3001 1527 3035 n.
1570 2984 1753 3038 390212·

537 3071 579 3139 ⁵²)
619 3072 684 3124 cf.
724 3071 1135 3125 Boeckhium
1174 3073 1240 3125 ad
1277 3073 1330 3125 11.
1371 3072 1403 3124 l.

539 3161 580 3230 3)
621 3161 761 3216 edid.
788 3160 1126 3231 seguino:
1167 3161 1379 3217 Selecta
1418 3164 1749 3217 numismata
1786 3164 2036 3232 antiqua,
2077 3180 2194 3231 pag.
2236 3168 2319 3216 99.

537 3252 581 3319 4)
607 3251 673 3304 In
698 3251 785 3304 his
812 3252 1052 3305 nummis
1071 3268 1261 3306 revera
1278 3252 1429 3306 Fabii
1456 3252 1750 3321 imaginem
1775 3254 1956 3306 inesse
1976 3251 2372 3305 demonstravit
2389 3249 2748 3328 Waddi11g7

399 3342 538 3394 ton:
600 3338 878 3409 Melanges
926 3341 990 3393 de
1029 3341 1457 3409 numismatique
1496 3347 1555 3395 20
1603 3340 1739 3395 serie
1777 3358 1894 3411 pag.
1940 3345 2055 3395 139.
2132 3341 2213 3393 De
2261 3340 2348 3393 his
2400 3337 2635 3391 nummis
2683 3338 2747 3388 cf.

398 3432 676 3498 praeterea
711 3431 994 3483 Eckhel:
1034 3430 1295 3484 Doctrina
1330 3448 1677 3485 nummorum
1713 3433 1979 3496 veterum,
2017 3430 2121 3483 vol.
2161 3429 2228 3496 V,
2267 3445 2387 3497 pag.
2429 3431 2546 3482 208.

540 3520 583 3586 ⁵)
622 3519 676 3572 C.
715 3518 763 3572 J.
805 3518 891 3572 Gr.
930 3520 1036 3573 vol.
1075 3520 1120 3587 Ι,
1158 3537 1275 3589 pag.
1321 3523 1470 3572 1911.
1511 3521 1631 3573 add.
1672 3520 1820 3574 3701>-

545 3610 584 3676 6)
622 3610 781 3676 Apud
806 3608 1164 3662 Plutarchum
1201 3625 1376 3663 errore
1403 3640 1469 3647 —
1499 3613 1596 3663 aut
1633 3609 1910 3677 scriptoris
1936 3609 2109 3677 ipsius
2136 3611 2245 3672 aut.
2286 3609 2348 3659 ut
2372 3604 2740 3672 Waddington

399 3699 434 3751 l.
474 3699 508 3753 l.
547 3714 668 3767 pag.
709 3702 776 3751 99
814 3700 974 3765 putat
1010 3697 1220 3751 librarii
1259 3697 1490 3751 alicuius
1528 3729 1596 3736 —
1634 3715 1728 3765 pro
1766 3695 1971 3767 Φάβιος
2010 3695 2271 3767 Φούλβιος
2327 3695 2593 3762 scriptum
2646 3695 2744 3743 est.

546 3788 588 3855 ⁷)
625 3787 722 3841 Est
745 3786 844 3840 illa
867 3786 1092 3853 Marcia,
1132 3803 1293 3854 quam
1317 3787 1427 3840 iam
1453 3803 1616 3855 supra
1640 3788 1697 3840 in
1721 3788 2071 3856 inscriptione
2090 3786 2185 3839 illa
2210 3784 2407 3853 Cypria
2432 3797 2750 3837 commemo-

403 3885 579 3936 ratam
617 3895 736 3933 esse
773 3877 1030 3930 vidimus,
1105 3876 1248 3930 Filia
1287 3878 1471 3929 autem
1510 3881 1624 3931 erat
1660 3877 1718 3929 L.
1759 3876 1955 3930 Marcii
1992 3875 2231 3943 Philippi
2271 3904 2337 3912 —
2375 3873 2474 3925 filii
2514 3870 2750 3925 consulis

404 3972 532 4025 anni
571 3986 617 4023 a.
658 3970 779 4022 Chr.
822 3971 887 4021 56
946 3996 1012 4004 —
1070 3970 1125 4018 et
1161 3966 1320 4019 Atiae
1358 3966 1600 4024 minoris,
1640 3967 1837 4020 sororis
1881 3966 2042 4018 Atiae
2080 3965 2317 4017 10010110.
2393 3963 2523 4015 Α110
2568 3962 2750 4013 0010111

404 4061 574 4114 maior
628 4059 881 4112 secundis
931 4056 1138 4124 nuptiis
1190 4072 1222 4109 a
1257 4055 1496 4123 Philippi
1544 4058 1724 4123 patre,
1780 4072 1883 4108 000.
1936 4055 2063 4108 anni
2114 4070 2159 4108 0.
2200 4053 2319 4106 Chr.
2362 4056 2447 4118 65,
2487 4050 2580 4118 qui
2617 4050 2748 4101 item

404 4149 462 4201 L.
489 4148 732 4202 Marcius
757 4148 1045 4217 Philippus
1086 4145 1388 4215 appellatus
1417 4148 1515 4209 001,
1556 4139 1616 4197 in
1642 4145 2047 4198 matrimonium
2074 4146 2191 4195 erat
2216 4143 2397 4207 ducta,
2437 4143 2501 4193 ut
2525 4154 2751 4192 noverca

406 4238 589 4291 mariti
627 4238 821 4291 sororis
859 4253 990 4291 suae
1029 4241 1084 4290 et
1122 4239 1404 4305 Augustus
1441 4235 1724 4303 privignus
1778 4236 1835 4288 L.
1880 4233 2067 4287 Marcii
2104 4231 2347 4299 Philippi
2386 4229 2553 4298 patris
2592 4229 2749 4279 esset.

407 4328 492 4396 (cf.
533 4326 723 4380 Annal.
762 4329 936 4382 instit.
979 4328 1123 4381 arch.
1164 4326 1292 4392 XX,
1332 4343 1448 4395 pag.
1479 4327 1581 4378 250
1611 4352 1679 4369 =
1713 4323 1976 4393 Borghesi
2014 4323 2047 4375 l.
2076 4323 2109 4375 l.
2139 4322 2205 4387 V,
2246 4337 2359 4388 pag.
2407 4321 2543 4384 139).
2599 4316 2752 4368 Errat
