3123 4869
1409 276 1799 336 *2—

420 455 679 562 visset
667 490 749 497 —
735 453 988 552 „quod
1015 397 1260 545 paullo
1288 458 1435 534 aute
1485 453 1627 514 eius
1675 457 1943 515 mortem
1994 453 2237 514 factum
2286 471 2423 514 esse
2465 453 2780 535 epistulae

410 543 511 623 ἑὲ
531 532 785 630 {Eofitoi
806 535 921 640 132⁵,
937 552 1037 632 ’Ξὸ
1058 579 1140 638 52.-
1124 555 1267 640 ‘⁶25
1295 545 1731 641 demonstrat:

652 666 989 749 »Coeperat
1034 666 1378 749 Augustus
1427 665 1732 748 deceptae
1782 667 2115 749 ignoscere
2163 666 2420 748 culpae«
2468 705 2551 711 -—

420 776 687 837 nomina
724 775 1081 837 amicorum
1120 766 1190 834 in
1230 773 1628 837 carminibus
1665 772 1937 836 Romam
1982 775 2197 836 missis
2234 773 2506 856 prodere
2545 793 2774 837 ausum

422 902 561 946 esse
608 881 960 945 verisimile
1009 887 1121 944 est.
1215 880 1379 943 Cum
1428 886 1646 943 autem
1693 880 1999 943 Tristium
2049 880 2292 962 elegiae
2340 886 2402 943 et
2450 899 2533 943 ex
2571 880 2775 943 Ponto

423 989 736 1073 epistulae
774 989 1080 1071 temporis
1119 989 1322 1071 spatio
1370 994 1502 1050 tam
1551 988 1788 1070 exiguo
1836 989 2006 1050 inter
2052 1006 2120 1049 se
2169 975 2425 1068 distent,
2472 993 2546 1050 ut
2592 988 2779 1070 quin-

424 1101 528 1159 tus
575 1096 837 1158 illarum
893 1095 1059 1158 liber
1107 1095 1331 1158 eodem
1381 1114 1550 1157 anno
1600 1132 1684 1140 -—
1734 1113 1903 1156 anno
1950 1114 2009 1176 p.
2060 1092 2202 1155 Chr.
2255 1095 2335 1156 12
2385 1131 2468 1139 —
2517 1115 2779 1178 prorsus

424 1205 507 1266 sit
567 1202 902 1265 absolutus
963 1201 1368 1284 Romamque
1430 1203 1697 1281 missuS,
1762 1220 1889 1283 quo
1949 1202 2159 1283 prima
2215 1201 2446 1264 harum
2496 1203 2777 1264 carmina

424 1316 578 1373 sunt
616 1308 1041 1393 composita1),
1090 1327 1319 1392 operae
1356 1309 1639 1391 pretium
1677 1307 1936 1370 videtur
1971 1324 2111 1371 esse
2148 1308 2367 1390 paullo
2418 1310 2779 1371 accuratius

425 1436 509 1480 ex
557 1416 850 1500 epistulis
898 1435 982 1479 ex
1027 1414 1236 1478 Ponto
1286 1416 1692 1498 conquirere,
1748 1406 2016 1497 quinam
2076 1414 2320 1478 fuerint
2364 1416 2490 1477 viri
2536 1415 2651 1496 illi,
2699 1416 2781 1478 ad

424 1544 587 1607 quos
636 1522 909 1586 Ovidius
956 1522 1247 1605 singulas
1283 1521 1592 1585 Tristium
1639 1522 1877 1606 elegias
1924 1524 2188 1586 miserit.
2267 1521 2587 1597 Quoniam
2626 1542 2778 1585 vero

421 1632 493 1693 in
540 1631 640 1693 his
688 1629 1086 1692 carminibus
1134 1648 1277 1692 raro
1326 1630 1719 1712 invenimUS,
1768 1649 1934 1713 quae
1983 1630 2062 1692 ad
2110 1629 2372 1692 illorum
2410 1630 2581 1693 vitae
2630 1649 2780 1691 con-

426 1737 746 1800 dicionem
806 1737 1197 1819 pertineant,
1265 1737 1570 1799 carminis
1636 1738 1953 1819 cuiusque
2010 1736 2294 1799 indolem
2353 1743 2416 1800 et
2469 1743 2779 1819 tanquam

425 1863 659 1908 sonum
697 1844 1015 1926 respicere
1045 1832 1444 1923 debebimus,
1484 1845 1743 1926 saepius
1776 1848 1992 1906 autem
2030 1843 2098 1904 in
2132 1861 2205 1905 eo
2236 1843 2777 1924 acquiescendum

425 1953 562 2032 erit,
608 1956 682 2013 ut
729 1969 987 2014 carmen
1035 1950 1299 2032 aliquod
1347 1952 1554 2013 amico
1597 1951 1856 2013 cuidam
1900 1949 2391 2012 inscribendum
2440 1968 2577 2012 esse
2626 1950 2777 2012 satis

422 2056 756 2141 probabile
805 2057 1338 2120 demonstremus.
1432 2057 1601 2121 Sunt
1662 2061 1877 2120 autem
1940 2058 2009 2119 in
2056 2056 2362 2119 Tristium
2408 2055 2592 2119 libris
2640 2075 2779 2138 sep-

423 2164 769 2229 temdecim
827 2165 1085 2248 elegiae,
1136 2183 1300 2246 quae
1358 2164 1438 2227 ad
1487 2165 1728 2227 amicos
1765 2158 1989 2226 fideles
2027 2163 2299 2226 Romam
2337 2165 2571 2227 missae
2610 2169 2778 2242 sunt,

423 2273 676 2354 reliqua
722 2272 1010 2334 carmina
1057 2276 1169 2334 aut
1206 2272 1287 2334 ad
1324 2272 1631 2335 lectorem
1654 2269 1702 2352 2)
1762 2271 2282 2353 qualemcunque
2331 2275 2442 2334 aut
2489 2271 2570 2332 ad
2618 2289 2780 2333 uxo-

424 2398 564 2443 rem
649 2384 759 2442 aut
831 2378 910 2441 ad
976 2379 1352 2462 Augustum
1429 2384 1540 2442 aut
1615 2379 1695 2443 ad
1769 2378 2074 2443 Perillam
2150 2370 2261 2441 ant
2332 2378 2412 2440 ad
2481 2376 2782 2439 invidum

364 2567 369 2571 ι
425 2487 633 2569 pertin
643 2492 766 2549 ent.
2616 2472 2619 2474 ’

605 2592 647 2655 J
651 2611 754 2655 am
792 2594 993 2676 igitur
1031 2612 1192 2674 quos
1232 2594 1310 2655 ad
1352 2595 1594 2656 amicos
1635 2593 1909 2657 Ovidius
1958 2594 2246 2655 carmina
2290 2592 2404 2654 illa
2451 2593 2780 2675 scripsisse

426 2700 743 2781 videatur,
789 2701 878 2761 ita
917 2718 1322 2782 quaeramus,
1370 2706 1444 2763 ut
1480 2702 1766 2783 primum
1816 2701 1894 2763 de
1933 2699 2114 2762 Cotta
2162 2706 2224 2763 et
2270 2699 2416 2763 Sex.
2454 2698 2780 2780 Pompeio,

430 2808 543 2889 qui
601 2803 771 2869 inter
833 2825 1056 2869 omnes
1117 2807 1348 2869 intima
1396 2805 1614 2869 Ovidii
1662 2807 2096 2870 familiaritate
2144 2808 2248 2869 usi
2296 2813 2467 2888 sunt,
2513 2811 2654 2868 tum
2702 2804 2781 2865 de

427 2912 665 2976 Paullo
697 2911 895 2975 Fabio
934 2912 1242 2994 MaximO,
1282 2914 1361 2976 de
1398 2914 1637 2995 Attico,
1677 2914 1757 2977 de
1793 2913 2017 2994 Bruto,
2051 2914 2130 2977 de
2170 2912 2329 2976 Caro
2370 2913 2779 2975 disseramus.

576 3091 615 3159 1)
653 3091 718 3143 cf.
794 3089 1152 3143 Loersium
1187 3090 1246 3142 in
1269 3089 1672 3159 Prolegomenis
1710 3092 1778 3144 ad
1804 3059 1930 3143 edit.
1958 3090 2115 3143 Trist.
2143 3106 2261 3158 pag.
2296 3095 2375 3142 11.
2417 3091 2472 3140 et
2497 3087 2778 3140 Masson.

428 3180 528 3232 vit.
570 3179 726 3233 Ovid.
767 3196 851 3247 ap.
889 3179 1185 3234 BQOann
1226 3179 1328 3234 vol.
1366 3179 1462 3233 IV.
1502 3196 1621 3248 pag.
1667 3184 1782 3233 105.

573 3268 614 3336 2)
654 3269 720 3322 cf.
794 3268 1063 3322 Merkel.
1104 3270 1162 3322 in
1199 3269 1326 3322 edit.
1364 3284 1484 3338 pag.
1525 3272 1611 3321 68.
