3123 4869
1354 188 1791 247 ...32-

404 365 579 426 nullo
617 369 824 447 potest
863 364 1227 425 testimonio
1264 363 1519 446 probari
1569 383 1779 445 neque
1819 374 2028 424 tamen
2071 360 2327 422 videtur
2364 377 2503 421 esse
2541 361 2753 420 incre-

406 470 618 532 dibile.
710 471 1000 532 Atticum
1067 489 1103 532 a
1168 470 1400 532 Seiano
1458 469 1636 532 Julio
1698 469 1948 531 Marino
2016 468 2307 529 adiutore
2373 485 2750 548 oppressum

407 596 544 639 esse
591 577 672 638 ad
721 574 963 639 annum
1021 597 1081 638 u.
1140 596 1189 638 c.
1232 578 1356 639 785
1392 578 1499 655 (32
1538 598 1599 659 p.
1650 575 1817 655 Chr.)
1908 574 2164 637 Tacit-us
2200 580 2414 635 narrat
2433 576 2496 651 2).

584 682 853 745 Minime
915 702 1066 745 vero
1128 683 1504 765 probamus,
1572 682 1743 766 quod
1805 680 2092 743 Kochius
2154 681 2222 742 in
2289 679 2751 742 dissertationis

408 810 563 852 suae
608 809 750 873 pag.
804 791 884 851 18
933 791 1238 872 epistulas
1286 809 1366 852 ex
1416 790 1620 852 Ponto
1670 790 1750 852 ad
1797 790 2088 851 Atticum
2136 788 2421 868 scriptas,
2472 824 2553 830 —-
2601 791 2751 848 sunt

409 902 623 958 autem
669 895 764 976 II,
831 901 871 959 4
920 905 980 959 et
1013 895 1120 976 ΙΙ,
1173 900 1207 959 7
1258 935 1340 941 -—
1392 907 1561 961 certe
1612 899 1790 980 epist.
1853 895 1944 975 II,
2002 899 2061 975 4,
2125 895 2284 956 viris
2332 893 2535 956 doctis
2583 900 2754 955 recte

414 1003 618 1065 videri
667 1022 795 1065 non
844 1006 1161 1085 genuinas
1210 1024 1348 1068 esse
1396 1012 1593 1087 putat.
1688 1003 1915 1067 Carere
1979 1003 2152 1063 enim
2210 1020 2316 1064 eas
2370 1001 2756 1083 proprietate

412 1119 472 1171 et
539 1104 849 1191 ἰδιότητι,
917 1130 1081 1192 quae
1151 1118 1323 1174 ceita
1385 1112 1661 1194 quadam
1728 1130 1943 1173 rerum
2021 1126 2569 1191 personartunque
2649 1106 2759 1168 de-

414 1217 757 1298 scriptione
794 1219 1215 1298 contineatur,
1252 1238 1462 1301 neque
1485 1219 1840 1301 quidquam
1876 1236 2031 1295 esse,
2071 1214 2243 1298 quod
2283 1215 2520 1276 claram
2555 1213 2760 1275 Attici

415 1325 685 1405 eiusque
734 1344 881 1386 cum
923 1324 1154 1387 Ovidio
1203 1327 1519 1389 amicitiae
1567 1326 1914 1410 imaginem
1965 1322 2148 1385 nobis
2197 1328 2344 1384 ante
2392 1321 2609 1384 oculos
2647 1340 2762 1401 po-

416 1436 542 1491 nat.
635 1429 734 1492 Ita
786 1436 1003 1494 autem
1051 1433 1192 1494 illas
1240 1434 1545 1516 epistulas
1586 1440 1834 1495 tumere
1874 1430 2153 1513 querelis
2193 1439 2253 1491 et
2290 1427 2763 1490 lamentationi-

417 1537 566 1616 bus,
632 1543 703 1598 ut
751 1536 829 1599 ab
880 1538 1202 1601 eruditulo
1265 1540 1542 1621 quodam
1589 1539 2008 1622 grammatico
2074 1557 2156 1600 ex
2202 1536 2361 1598 locis
2411 1533 2763 1612 OvidianiS,

419 1644 531 1724 qui
578 1645 963 1706 maestitiam
1031 1646 1298 1728 spirent,
1347 1648 1735 1729 compositae
1806 1665 1943 1709 esse
1989 1644 2350 1706 videantur.
2482 1639 2763 1714 Quinam

419 1749 515 1810 illi
552 1750 717 1810 »viri
767 1750 979 1813 docti«
1026 1753 1129 1814 vel
1174 1746 1567 1833 »nonnulli«,
1617 1773 1777 1835 quos
1824 1751 2110 1814 Kochius
2159 1748 2460 1831 appellat,
2506 1748 2766 1827 fuerint,

424 1858 827 1938 ignoramus,
893 1866 957 1920 at
1002 1859 1068 1920 id
1117 1878 1378 1941 prorsus
1426 1868 1672 1924 certum
1723 1865 1843 1938 est,
1908 1865 2079 1921 recte
2136 1857 2463 1920 neminem
2525 1873 2768 1931 eorum,

423 1965 535 2045 qui
581 1974 799 2026 nostra
847 1972 1051 2028 aetate
1090 1963 1306 2027 Ovidii
1356 1966 1749 2029 carminibus
1789 1966 2106 2028 dederunt
2154 1982 2444 2046 operam,
2510 1961 2587 2024 de
2635 1961 2769 2042 epi-

426 2070 613 2133 stulis
659 2071 788 2133 illis
827 2081 1043 2135 nostro
1089 2080 1313 2156 poetae
1353 2073 1713 2136 tribuendis
1764 2072 2107 2135 dubitasse.
2176 2069 2404 2151 Neque
2444 2070 2617 2131 enim
2656 2085 2771 2129 eae

427 2196 676 2259 causae,
725 2199 884 2260 quas
933 2178 1220 2242 Kochius
1268 2180 1464 2261 affert,
1513 2180 1785 2243 obstant.
1876 2178 2107 2241 Nonne
2158 2176 2409 2259 epistul.
2457 2175 2541 2254 ΙΙ,
2580 2178 2621 2236 4
2660 2193 2772 2255 op-

427 2286 649 2347 timam
696 2286 1043 2369 imaginem
1091 2287 1352 2350 illorum
1405 2308 1559 2350 usus
1624 2300 1686 2351 et
1730 2287 2184 2351 familiaritatis
2239 2282 2546 2366 praebet?
2640 2278 2774 2341 Cur

428 2398 642 2455 autem
681 2393 800 2456 hae
836 2395 1014 2477 ipsae
1054 2394 1364 2477 epistulae
1401 2395 1632 2479 plenae
1673 2394 2081 2478 querelarum
2121 2398 2182 2454 et
2237 2389 2772 2454 lamentationum

428 2502 575 2581 sint,
619 2500 808 2564 facile
854 2501 1332 2584 intellegemuS,
1398 2504 1451 2564 si
1500 2503 1731 2565 horum
1790 2503 2146 2586 carminum
2212 2498 2495 2561 indolem
2554 2493 2773 2580 paullo

430 2608 792 2670 accuratius
832 2608 1469 2671 consideraverimus.
1565 2607 1749 2684 Quod
1778 2679 1784 2688 ,
1796 2608 2013 2691 paullo
2062 2607 2229 2669 infra
2276 2620 2691 2687 exponemus

608 2713 913 2797 Magnam
946 2723 1160 2777 autem
1196 2717 1523 2778 caritatem
1553 2725 1613 2778 et
1661 2716 2010 2778 amicitiam
2031 2715 2322 2776 Atticum
2359 2717 2419 2773 et
2450 2708 2778 2787 Ovidium,

433 2842 581 2884 cum
620 2820 861 2883 Romae
901 2828 1083 2900 esset,
1131 2824 1545 2886 coniunxisse
1586 2841 1964 2905 semperque
2011 2820 2155 2882 illos
2195 2826 2255 2882 et
2294 2819 2459 2882 seria
2496 2823 2558 2879 et
2604 2817 2779 2878 iocos

436 2931 601 2991 inter
666 2947 733 2991 se
796 2930 1337 3010 communicasse,
1398 2950 1526 2992 non
1585 2930 1794 2992 solum
1843 2930 2021 3012 epist.
2071 2947 2153 2990 ex
2199 2926 2406 2989 Ponto
2468 2923 2567 3003 II,
2615 2926 2656 2985 4
2722 2943 2778 2983 v,

441 3037 657 3099 9—12
709 3045 770 3098 et
817 3055 876 3097 v,
932 3038 1010 3099 19
1059 3055 1231 3119 seqq.
1284 3038 1741 3117 demonstrant,
1787 3036 1902 3099 ubi
1948 3041 2136 3119 poeta
2182 3032 2546 3116 profitetur:

861 3143 1081 3207 »Seria
1125 3144 1331 3208 multa
1376 3144 1535 3206 mihi
1584 3150 1798 3206 tecum
1847 3143 2098 3205 conlata
2144 3138 2461 3218 recordor,

865 3250 999 3313 Nec
1049 3251 1195 3315 data
1241 3252 1546 3314 iucundis
1594 3258 1882 3332 tempora
1927 3268 2134 3332 pauca
2179 3247 2353 3309 iocis.

867 3356 1068 3440 Saepe
1116 3359 1279 3421 citae
1326 3359 1537 3442 longis
1584 3359 1761 3420 visae
1809 3355 2214 3419 sermonibus
2263 3353 2472 3432 horae,

869 3464 1069 3546 Saepe
1117 3466 1242 3528 fuit
1288 3466 1560 3546 brevior,
1612 3484 1808 3547 quam
1856 3482 2000 3526 mea
2038 3459 2236 3524 verba
2286 3460 2438 3521 dies,

871 3677 1005 3740 Nos
1051 3679 1189 3742 fora
1235 3680 1539 3743 viderunt
1586 3680 1840 3762 pariter,
1887 3697 2004 3739 nos
2050 3674 2336 3758 porticus
2384 3672 2611 3751 omnis,

872 3784 1005 3848 Nos
1052 3788 1175 3868 via,
1222 3807 1340 3850 nos
1386 3788 1627 3850 iunctis
1675 3805 1874 3848 curva
1919 3784 2164 3846 theatra
2208 3780 2396 3843 locis«
2442 3786 2556 3842 etc.

450 3893 559 3954 sed
607 3894 797 3956 etiam
837 3894 1153 3957 Amorum
1202 3893 1358 3978 eleg.
1397 3894 1448 3975 Ι,
1496 3897 1554 3976 9,
1604 3912 1768 3977 quae
1815 3892 1895 3954 ad
1934 3891 2109 3953 hunc
2155 3888 2368 3950 virum
2408 3886 2643 3967 scripta
2681 3892 2797 3963 est,

450 4001 569 4061 hoc
631 4001 784 4063 satis
843 4008 1059 4084 aperte
1121 4002 1380 4064 indicat.
1490 4001 1826 4064 Praeterea
1895 4019 1976 4062 ex
2043 4017 2136 4080 ep.
2205 4014 2288 4058 ex
2344 3994 2550 4057 Ponto
2606 3990 2692 4071 II,
2753 3992 2795 4051 4

595 4242 638 4312 ²)
678 4249 815 4300 Anu.
854 4244 946 4313 VI,
993 4248 1069 4297 10.
