3123 4869
1363 239 1755 299 -8-

558 413 661 474 Ex
720 415 821 477 his
882 424 1096 478 autem
1160 414 1461 477 omnibus
1523 416 1816 497 epistulis
1863 417 2179 496 videmuS,
2238 437 2432 498 quam
2480 423 2614 479 arta
2664 424 2733 480 et

377 521 564 582 firma
611 521 894 583 amicitia
941 519 1212 584 Ovidius
1270 541 1420 584 cum
1475 522 1597 583 hoc
1657 524 1863 585 amico
1913 525 2183 605 eiusque
2228 523 2475 586 familia
2522 545 2560 586 a
2604 526 2735 606 pri-

377 628 502 689 mis
551 629 778 691 aetatis
824 628 1222 711 temporibus
1269 630 1656 691 coniunctus
1702 630 1914 692 fuerit.
1997 630 2096 692 Ac
2137 648 2216 693 ne
2263 637 2402 693 tum
2451 631 2734 711 quidem,

379 752 529 795 cum
568 739 755 816 poeta
791 734 987 798 rebus
1025 736 1312 798 adversis
1346 734 1625 798 afflictus
1655 742 1839 816 esset,
1878 755 2028 799 eum
2057 739 2338 799 amicum
2373 738 2733 800 deseruisse

379 839 493 902 sed
530 839 904 905 fidelitatem
944 844 1296 929 maximam
1333 841 1710 924 praebuisse.
1748 849 1810 906 et
1847 845 1988 906 miti
2027 846 2242 906 animo
2275 844 2734 926 nobilibusque

334 994 341 1002 .
378 946 669 1010 moribus
717 954 1015 1010 ornatum
1063 967 1131 1011 se
1176 950 1571 1031 praestitisse
1621 948 1893 1012 Ovidius
1939 950 2291 1032 profitetur.

559 1051 776 1129 Quid?
825 1054 1180 1118 maioribus
1237 1075 1398 1118 num
1454 1055 1761 1118 laudibus
1799 1057 2110 1120 extollere
2146 1064 2396 1140 poterat
2432 1078 2531 1120 am
2544 1060 2731 1137 icum,

380 1181 575 1242 quam
625 1181 774 1224 cum
823 1163 1078 1245 scripsit
1125 1181 1225 1245 611.Δ
1271 1182 1354 1226 ex
1400 1162 1608 1226 Ponto
1657 1162 1741 1243 ΙΙ,
1789 1166 1828 1225 3
1877 1183 1935 1225 v,
1975 1167 2021 1226 ”1
2073 1183 2214 1246 seq:

716 1285 1048 1368 »Maxime‚
1098 1289 1207 1369 qui
1259 1287 1448 1350 claris
1496 1307 1735 1355 nomen
1771 1288 2124 1351 virtutibus
2172 1307 2427 1371 aequaS,

716 1391 779 1455 N
782 1411 854 1456 ec
902 1395 1061 1457 sinis
1110 1396 1450 1478 ingenium
1498 1394 1835 1458 nobilitate
1882 1397 2115 1478 premi«

377 1517 482 1580 vel
531 1536 624 1601 ep.
675 1537 759 1580 ex
805 1517 1012 1581 Ponto
1060 1518 1181 1599 ΙΙΙ,
1228 1522 1268 1581 2
1318 1541 1375 1580 v,
1429 1521 1551 1584 103
1604 1540 1749 1603 seq:

593 1643 828 1724 midde,
877 1643 1051 1726 quod
1100 1651 1196 1707 est
1242 1646 1499 1708 animus
1548 1665 1803 1729 semper
1849 1646 1966 1709 tibi
2014 1646 2190 1710 mitis
2238 1652 2300 1709 et
2348 1647 2511 1710 altae

594 1749 922 1813 Indicium
969 1770 1181 1814 mores
1229 1751 1583 1814 nobilitatis
1631 1752 1897 1816 habent«

380 1881 443 1938 et
487 1875 706 1958 paullo
753 1875 924 1938 infra
969 1877 1040 1938 111
1089 1875 1381 1939 eiusdem
1428 1878 1734 1940 carminis
1781 1897 1944 1941 vers.
2000 1879 2123 1941 109
2174 1897 2303 1959 seq.
2352 1876 2599 1941 Cottam
2648 1880 2735 1941 ita

379 1983 761 2064 alloquitur:
2065 2044 2070 2047 ,

698 2088 940 2173 »Digne
979 2093 1089 2152 vvir
1134 2091 1253 2153 hac
1299 2092 1482 2172 serie,
1528 2091 1708 2174 lapso
1756 2110 2135 2154 succurrere
2183 2092 2391 2154 amico

702 2195 1109 2262 Conveniens
1155 2199 1295 2260 istis
1342 2197 1632 2261 moribus
1680 2217 1820 2262 esse
1866 2199 2091 2280 puta«P

557 2391 599 2456 J
603 2412 706 2456 am
776 2412 922 2457 vero
982 2394 1063 2456 ad
1126 2396 1569 2478 quaestionem
1629 2395 1809 2458 illam
1857 2395 2196 2458 veniamus
2258 2400 2319 2457 et
2380 2393 2735 2472 videamus,

381 2519 700 2583 quaenam
745 2499 1052 2564 Tristium
1101 2502 1343 2585 elegiae
1402 2509 1465 2565 et
1512 2503 1751 2584 quibus
1797 2501 1875 2564 de
1924 2502 2136 2564 causis
2183 2500 2468 2564 Maximo
2518 2500 2734 2565 Cottae
2767 2573 2776 2580 ‚

379 2606 762 2670 tribuendae
812 2608 958 2669 31111.
1508 2597 1509 2600 '

557 2714 658 2776 Ac
693 2714 979 2796 primum
1019 2714 1282 2796 quidem
1322 2715 1655 2798 elegiam
1695 2718 1734 2777 4
1773 2713 1965 2777 libri
2013 2714 2108 2776 IV
2147 2714 2331 2777 alteri
2361 2714 2736 2778 Messalino-

379 2841 527 2883 rum
574 2818 1054 2883 inscribendam
1102 2839 1241 2885 esse
1287 2821 1402 2883 vix
1451 2823 1797 2904 quisquan]
1845 2820 2124 2904 negabit.

558 2926 852 2990 Eandem
914 2929 1087 2990 enim
1145 2927 1534 3005 facundiam,
1593 2948 1788 3009 quam
1845 2929 2126 2991 amicum
2177 2927 2410 2991 habere
2462 2927 2733 2990 Ovidius

379 3054 543 3099 vers,
594 3037 633 3097 5
684 3035 885 3097 nostri
935 3036 1240 3098 carminis
1287 3036 1386 3098 his
1432 3035 1649 3098 verbis
1698 3036 1879 3098 dicit:

682 3158 913 3223 »Cuius
959 3161 1031 3223 in
1076 3160 1339 3243 ingenio
1389 3168 1485 3224 est
1530 3162 1775 3243 patriae
1822 3159 2132 3223 facundia
2179 3160 2462 3242 linguae,

684 3266 827 3342 Qua
873 3268 1049 3351 prior
1092 3268 1162 3330 in
1198 3265 1378 3336 Latio
1425 3287 1560 3330 non
1606 3266 1732 3331 fuit
1777 3266 1913 3329 ulla
1958 3265 2125 3328 foro«

382 3375 805 3455 Messalinum
855 3398 918 3456 et
964 3391 1212 3455 Cottam
1260 3412 1297 3455 a
1342 3397 1523 3475 patre
1570 3411 1706 3472 suc,
1754 3398 2004 3455 oratore
2049 3390 2164 3452 illo
2203 3390 2577 3470 clarissimo,
2626 3391 2736 3472 qui

380 3498 461 3563 ab
512 3498 744 3562 Ovidio
790 3500 930 3582 ipso
977 3497 1222 3562 »Latiae
1270 3498 1576 3561 facundia
1620 3499 1912 3582 linguae«
1959 3500 2080 3579 (ep'.
2130 3515 2214 3560 ex
2260 3496 2330 3559 P.
2378 3496 2464 3579 ΙΙ,
2522 3500 2581 3577 3,
2632 3496 2739 3577 75)

379 3606 759 3690 appellatur,
808 3606 993 3687 quasi
1046 3606 1466 3669 hereditatem
1515 3606 1840 3689 accepisse
1889 3605 2149 3687 saepius
2195 3606 2265 3665 111
2314 3603 2609 3687 epistulis
2658 3623 2734 3666 ex

380 3711 589 3777 Ponto
631 3717 1186 3776 commemoratur.
1260 3711 1463 3775 Velut
1498 3713 1569 3774 in
1609 3712 1885 3795 epistula
1922 3710 2004 3773 ad
2039 3709 2467 3773 Messalinum
2505 3712 2740 3793 scripta

382 3822 494 3901 (ex
557 3817 766 3883 Ponto
831 3818 917 3899 ΙΙ,
984 3820 1023 3881 2
1071 3839 1130 3881 v,
1178 3822 1263 3882 49
1313 3838 1441 3902 seq.
1509 3819 1605 3882 ed.
1672 3817 1880 3892 Korn)
1946 3817 2067 3880 hoc
2134 3816 2211 3891 de
2258 3816 2566 3880 fratribus
2613 3818 2741 3878 illis

382 3926 709 4009 praedicat
753 3931 942 4007 poeta
989 3933 1233 3989 noster:
2666 3921 2669 3926 ’

704 4051 914 4115 »Vivit
961 4053 1135 4114 enim
1183 4052 1249 4115 111
1296 4050 1479 4115 vobis
1526 4051 1793 4114 facundi
1843 4050 2067 4132 lingua
2114 4050 2413 4132 parentis,

704 4156 788 4220 Et
833 4178 936 4222 res
983 4159 1286 4222 heredem
1334 4158 1616 4241 repperit
1663 4157 1776 4219 illa
1824 4176 2066 4219 suum«

381 4272 448 4328 et
493 4264 916 4328 Messalinum
953 4265 1170 4348 ipsum
1207 4263 1504 4328 versibus
1543 4262 2075 4327 antecedentibus
2128 4265 2213 4326 ita
2260 4269 2356 4327 est
2394 4262 2739 4325 allocutus:
