3123 4869
1258 290 1692 349 —46-

295 450 680 516 »carissime«
729 476 917 521 usum
966 481 1103 526 esse
1123 467 1163 545 1)
1214 502 1295 510 —
1346 486 1494 528 nam
1543 470 1692 531 talia
1743 471 2036 553 exempla
2085 473 2262 534 velut
2311 491 2392 534 ex
2440 472 2651 534 Ponto

294 553 407 633 IV,
458 559 514 635 8,
565 562 677 623 89:
744 585 932 630 »care
980 568 1198 633 Suilli«
1264 593 1392 635 non
1454 582 1607 638 sunt
1668 578 1978 656 curanda,
2043 580 2192 667 quia
2255 597 2489 640 nomen
2554 588 2651 640 est

296 667 658 744 appositum
682 673 973 736 κ-11111111
1005 696 1161 741 voce
1193 700 1396 743 »care«
1431 685 1711 745 amicum
1740 685 2062 766 quendam
2086 685 2449 767 significare
2479 692 2650 748 certe

296 769 481 833 nobis
529 777 887 854 putandum
938 790 1047 846 est.
1141 786 1544 870 Impedimur
1584 796 1799 853 autem
1845 811 1927 853 ne
1974 792 2344 873 insequenti
2386 792 2648 874 quidem

293 896 520 941 versu:
570 882 738 946 »Scis
787 906 1037 952 carum«
1085 899 1220 974 etc.,
1253 898 1601 977 quominus
1650 897 1834 960 illum
1883 900 2160 961 amicum
2214 898 2447 961 Carum
2496 919 2650 962 vere

297 987 687 1066 appellatum
736 1012 874 1058 esse
922 997 1323 1064 arbitremur.

476 1092 636 1158 Cum
719 1103 891 1164 enim
958 1103 1192 1170 Ovidio
1268 1110 1388 1173 1100
1459 1113 1642 1174 exilii
1710 1118 1994 1196 tempore
2071 1114 2358 1175 nondum
2426 1115 2652 1176 liceret

295 1202 558 1264 nomina
622 1208 976 1272 amicorum
1037 1233 1301 1278 suorum
1360 1223 1576 1301 aperte
1634 1220 2058 1293 carminibus
2088 1220 2369 1283 inserere
2435 1240 2649 1302 neque

294 1306 431 1385 11111,
483 1311 639 1390 quin
687 1333 844 1377 voce
880 1337 1083 1382 »care«
1131 1320 1332 1385 Carus
1380 1327 1869 1408 significaretur,
1911 1326 2179 1389 dubium
2231 1346 2370 1389 esse
2416 1335 2649 1410 posset,

292 1413 662 1497 ambiguam
726 1426 1022 1503 apposuit
1079 1434 1477 1495 sententiam.
1581 1433 1745 1496 Nam
1804 1436 1860 1497 si
1918 1434 1996 1497 de
2052 1434 2366 1497 adjectivo
2421 1454 2650 1496 »caro«

295 1521 667 1603 cogitamuS,
720 1527 841 1590 hoc
887 1533 1276 1598 vocabulum
1334 1548 1445 1603 aut
1506 1543 1777 1605 eandem
1840 1542 2139 1620 formam,
2199 1561 2392 1623 quam
2455 1543 2642 1602 amici

295 1646 530 1689 nomen
578 1631 812 1696 habere
860 1644 971 1700 aut
1018 1642 1180 1703 nihil
1229 1646 1354 1707 nisi
1396 1649 1848 1711 allocutionem
1900 1649 2226 1731 quandam
2264 1649 2646 1710 familiarem

294 1752 367 1795 eo
417 1735 587 1815 loco,
636 1739 750 1801 ubi
794 1750 1019 1823 poetae
1064 1767 1292 1813 verum
1340 1755 1527 1817 amici
1577 1775 1813 1818 nomen
1860 1756 2231 1839 ponendum
2280 1762 2431 1835 erat,
2477 1757 2648 1837 posi-

293 1845 424 1902 tam
471 1862 611 1906 esse
658 1846 945 1933 intellegi
993 1861 1215 1935 potest.
1320 1859 1623 1924 Nostram
1672 1871 1887 1925 autem
1935 1864 2203 1946 elegiam
2251 1864 2307 1925 si
2355 1881 2498 1924 cum
2549 1881 2648 1944 ep.

294 1965 375 2008 ex
424 1948 631 2014 Ponto
680 1954 792 2036 IV,
847 1960 924 2021 13
975 1980 1450 2048 comparamus,
1506 1988 1634 2030 non
1686 1977 1812 2050 est,
1879 1989 1995 2032 cur
2053 1990 2193 2033 eam
2243 1969 2321 2031 ad
2371 1967 2646 2032 eundem

295 2053 527 2118 Carum
596 2069 881 2141 spectare
957 2086 1284 2151 negemus.
1400 2075 1606 2138 Immo
1684 2079 1919 2160 optime
1987 2077 2259 2159 quadrat
2324 2071 2408 2138 ad'
2470 2075 2647 2137 hunc
2723 2132 2730 2138 .

294 2163 573 2226 amicum
608 2186 773 2231 -vere
821 2191 1067 2256 carum,
1127 2181 1297 2260 quod
1357 2187 1572 2245 tantae
1630 2185 2134 2264 misericordiae,
2191 2184 2352 2245 tanti
2411 2183 2647 2244 amoris

292 2267 574 2352 fideique
622 2274 885 2355 plenum
926 2272 1421 2365 erga'Ovidium
1471 2291 1829 2354 calamitate
1869 2290 2181 2353 afflictum
2228 2310 2295 2352 se
2333 2288 2649 2372 praebuit,

294 2382 367 2438 111
414 2379 566 2441 satis
605 2399 767 2445 vers.
820 2390 856 2448 7
900 2407 1072 2473 seqq.
1122 2392 1315 2457 huius
1364 2399 1673 2461 carminis
1714 2401 2171 2463 demonstrant.
2241 2395 2412 2472 Quin
2452 2396 2658 2498 etiam·

294 2484 370 2545 de
431 2493 618 2568 poeta
681 2490 960 2576 relegato
1028 2497 1191 2563 bene
1252 2511 1534 2568 meretur
1591 2506 1694 2568 hic
1750 2508 1853 2568 vir
1907 2525 2185 2588 eumque
2251 2504 2534 2567 defendit
2584 2513 2647 2564 et.

291 2592 495 2655 multa
542 2595 726 2677 signa
762 2603 1086 2666 manifesti
1124 2608 1362 2671 favoris
1405 2614 1463 2673 ei
1502 2612 1731 2675 tribuit
1776 2614 1859 2697 (v,
1906 2616 1983 2675 17
2024 2613 2244 2694 seqq).
2306 2611 2646 2674 Praeterea

294 2703 508 2760 autem
555 2708 773 2766 nostra
812 2713 1129 2775 sententia
1178 2734 1252 2777 eo
1291 2718 1601 2799 probatur
1649 2725 1710 2782 et
1749 2720 2121 2799 affirmatur,
2169 2719 2357 2800 quod,
2407 2718 2642 2780 utiam

289 2801 600 2869 Heinsius
647 2810 828 2886 vidit,
875 2834 1067 2880 versu
1117 2823 1202 2883 42
1251 2830 1503 2888 nostrae
1551 2827 1829 2910 elegiae:

655 2916 734 2977 »J
738 2924 975 2985 unonis
1021 2945 1220 3008 gener
1265 2937 1391 3012 est,
1441 2935 1551 3014 qui
1601 2935 1780 3016 prius
1841 2934 2040 2995 hostis
2089 2937 2260 2996 erat«

293 3017 371 3078 ad
393 3020 764 3100 apotheosin
785 3026 963 3092 illam
978 3030 1335 3120 Herculis‘2)
1359 3040 1437 3103 de
1460 3061 1588 3123 qua
1607 3061 1800 3123 supra
1823 3040 2128 3120 diximus,
2148 3039 2407 3101 videtur
2424 3036 2664 3099 alludis

469 3125 800 3206 Miramur,
867 3155 984 3200 cur
1047 3161 1176 3205 non
1237 3149 1277 3208 4
1335 3167 1595 3229 quoque
1661 3148 1987 3230 elegiam
2055 3145 2396 3209 eiusdem
2457 3142 2642 3205 libri

289 3229 658 3296 Tristium
697 3237 837 3321 (III,
868 3242 934 3324 4)
983 3245 1142 3312 Caro
1183 3252 1582 3335 inscripserit
1597 3257 1659 3335 3).
1719 3255 1796 3316 111
1831 3255 2036 3336 primo
2072 3253 2242 3315 enim
2272 3252 2466 3313 huius
2505 3269 2644 3311 car-

290 3356 483 3401 nnms
520 3360 747 3405 versu:

552 3453 635 3517 »O
682 3461 840 3524 mihi
890 3484 1034 3527 care
1083 3467 1346 3548 quidem
1393 3486 1661 3550 semper,
1708 3469 1819 3530 sed
1866 3474 2150 3550 tempore
2200 3466 2361 3529 duro

552 3542 836 3631 Cognita,
882 3573 984 3616 res
1030 3561 1372 3638 postquam
1415 3557 1818 3638 procubuere
1865 3577 2080 3619 meae«

294 3668 450 3711 voce
495 3670 698 3716 »ca-re«
735 3664 921 3738 poeta
969 3662 1193 3724 eodem
1240 3663 1449 3743 1110110,
1499 3683 1627 3745 quo
1674 3664 1738 3726 in
1791 3663 1903 3725 illa
1951 3663 2173 3746 elegia,
2220 3663 2479 3724 videtur
2527 3663 2638 3723 uti.

436 3792 475 3859 ¹)
515 3798 747 3864 exempli
786 3815 950 3853 causa
988 3802 1205 3856 afferam
1243 3803 1401 3856 Trist.
1439 3803 1482 3869 Ι,
1525 3809 1572 3870 5,
1613 3810 1661 3856 3.
1700 3803 1743 3869 Ι,
1783 3808 1832 3866 9,
1872 3808 1955 3856 41.
2015 3802 2111 3868 ΙΙΙ,
2152 3808 2199 3870 6,
2245 3807 2287 3855 1.
2326 3802 2420 3868 IV,
2461 3806 2509 3867 7.
2555 3806 2633 3854 19.

291 3895 357 3946 ex
395 3881 566 3936 Ponto
602 3884 670 3950 Π,
711 3891 760 3953 4,
802 3893 884 3940 21.
941 3889 1034 3956 IV,
1079 3895 1158 3952 10,
1198 3897 1247 3944 3.

435 3971 475 4039 ²)
515 3974 579 4025 cf.
619 3991 735 4044 pag.
777 3981 861 4032 45.

434 4060 475 4128 ³)
526 4061 746 4118 Scilicet
801 4083 974 4135 usque
1022 4069 1089 4121 ad
1145 4087 1365 4123 versum
1403 4075 1486 4123 46.
1573 4071 1716 4123 Nam
1762 4071 2014 4123 Loersius
2078 4069 2137 4121 in
2194 4069 2446 4122 editionis
2507 4085 2639 4122 suae

290 4163 408 4216 pag.
451 4154 552 4216 27ss
594 4168 702 4221 seq.
742 4157 1023 4210 rectissme
1061 4158 1450 4213 domonstravit
1489 4176 1520 4212 a
1546 4176 1710 4212 versu
1748 4165 1814 4214 47
1853 4177 2049 4213 novam
2090 4159 2255 4226 incipi
2296 4158 2540 4228 elegiam.
2580 4161 2638 4210 in

292 4254 399 4303 qua
424 4257 546 4304 non,
574 4247 636 4294 ut
674 4245 729 4296 in
767 4245 880 4310 11111,
910 4248 975 4300 ad
1004 4264 1172 4299 unum
1200 4251 1432 4314 tantum,
1460 4248 1553 4300 sed
1594 4249 1658 4301 ad
1687 4249 1885 4302 multos
1931 4248 2016 4301 vel
2054 4263 2239 4301 omnes
2280 4248 2481 4300 amicos
2509 4264 2636 4300 con-

291 4343 449 4380 versa
487 4336 569 4383 est
612 4335 794 4388 oratio.
