3123 4869
1272 250 1709 309 -37-

316 424 397 486 lis
460 444 541 487 ex
590 424 796 487 Ponto
854 425 928 486 ad
990 425 1276 487 Atticum
1341 425 1628 506 scriptis,
1703 430 1769 486 ut
1826 425 1962 506 ipsa
2021 443 2278 505 quoque
2342 422 2422 484 ad
2479 422 2662 483 illum

316 533 600 593 amioum
665 533 862 594 missa
929 550 1067 594 esse
1143 531 1316 593 haud
1386 549 1684 613 perverse
1748 531 2046 592 videatur
2107 530 2394 592 iudicari.
2501 528 2663 590 Nam

319 638 491 700 hunc
541 639 885 700 anxietatis
935 658 1167 700 sonum
1216 638 1497 699 maxime
1546 636 1977 717 carminibus,
2028 656 2192 718 quae
2248 638 2317 697 in
2377 636 2668 718 epistulis

314 764 403 806 ex
451 744 656 807 Ponto
706 746 785 807 ad
834 746 1124 807 Atticum
1172 745 1551 826 pertineant,
1601 744 1932 826 proprium
1981 762 2120 806 esse
2168 748 2430 805 constat.

502 852 709 931 Adde,
774 852 946 933 quod
1009 853 1169 914 aliae
1220 869 1479 932 quoque
1527 870 1760 913 causae
1808 851 2187 913 sententiam
2237 856 2518 911 nostram
2565 850 2673 910 fir-

320 978 494 1021 mare
532 959 852 1021 videntur.
927 956 1023 1020 De
1062 977 1218 1021 voce
1264 958 1536 1019 »Attica«
1583 959 1651 1018 in
1691 958 1873 1039 eleg.
1919 957 1992 1035 V,
2032 959 2071 1018 4
2111 958 2237 1018 iam
2272 961 2461 1037 supra
2505 956 2673 1016 ‹lixi-

319 1085 485 1126 mus.
570 1065 642 1126 In
695 1065 885 1147 eleg.
935 1065 1012 1143 V,
1066 1067 1142 1127 13
1195 1071 1408 1127 autem
1456 1085 1512 1126 v.
1563 1066 1646 1125 27
1697 1085 1856 1145 seq.:

650 1198 674 1227 »
723 1219 986 1233 .....
1038 1171 1401 1234 solebamus
1449 1190 1830 1233 consumere
1877 1171 2067 1253 longa
2117 1171 2440 1252 loquendo

643 1278 970 1365 Tempora,
1018 1297 1376 1340 sermonem
1426 1277 1764 1339 deficiente
1813 1278 1961 1358 die«,

318 1385 522 1447 simili
571 1386 799 1463 modo,
850 1405 976 1467 quo
1028 1404 1120 1466 ep.
1162 1403 1244 1447 ex
1282 1383 1488 1446 Ponto
1536 1383 1622 1464 II,
1671 1388 1730 1463 4,
1779 1387 1817 1447 9
1867 1404 2040 1467 seqq.
2089 1386 2264 1447 illius
2313 1384 2674 1446 communis

322 1492 524 1554 studii
573 1496 635 1554 et
680 1493 893 1554 intimi
942 1510 1099 1553 usus
1138 1496 1355 1554 noster
1400 1491 1553 1553 facit
1590 1492 2003 1572 mentionem,
2053 1492 2226 1574 quod
2273 1497 2402 1552 tam
2444 1490 2677 1552 diserte

318 1618 399 1661 ao
447 1599 788 1682 diligenter
835 1616 1213 1680 expressum
1262 1616 1584 1678 nusquam
1630 1604 1955 1680 praeterea
2004 1600 2130 1661 nisi
2177 1599 2246 1660 in
2294 1596 2545 1679 epistul.
2593 1595 2678 1674 II,

328 1706 412 1769 10
462 1724 542 1768 ex
589 1705 794 1768 Ponto
843 1705 925 1767 ad
972 1704 1196 1766 Mac-1·
1213 1724 1340 1766 um
1387 1705 1586 1766 missa
1644 1706 2030 1767 invenimus.
2136 1704 2444 1787 Legimus
2506 1704 2675 1765 enim

323 1812 461 1874 illie
508 1833 564 1873 v.
614 1815 696 1876 37
748 1832 910 1894 seq.:

576 1918 808 2002 »Saepe
858 1919 994 1981 dies
1042 1938 1339 1981 sermone
1387 1920 1602 1980 minor
1646 1918 1773 1981 fuit
1818 1921 2016 2001 inque
2064 1918 2466 2000 loquendum

576 2025 778 2088 Tarda
827 2045 941 2109 per
987 2027 1262 2088 aestivos
1313 2025 1518 2088 defuit
1567 2026 1723 2088 hora
1770 2026 1952 2088 dies«

324 2133 634 2195 Attamen
699 2134 813 2193 vix
878 2138 1084 2214 potest
1141 2132 1456 2210 dubitari,
1526 2134 1685 2214 quin
1758 2131 2058 2212 Ovidius,
2125 2133 2180 2194 si
2245 2131 2327 2194 ad
2394 2130 2683 2193 Macrum

326 2241 608 2302 misisset
670 2240 833 2301 hanc.
890 2239 1187 2321 elegiam,
1247 2240 1500 2302 silentio
1558 2260 1691 2302 non
1755 2241 2219 2322 praeteriturus
2266 2237 2495 2300 fuisset
2541 2258 2686 2320 pro-

326 2347 790 2430 pinquitatem,
851 2365 977 2427 qua
1024 2363 1138 2427 per
1195 2364 1467 2408 uxorem
1519 2366 1703 2408 suam
1754 2365 1901 2408 011111
1949 2346 2070 2408 hoo
2117 2345 2255 2407 viro
2304 2345 2685 2406 coniunctus

330 2461 468 2517 erat
514 2454 623 2537 (ex
669 2453 874 2516 Ponto
923 2452 1007 2534 II,
1059 2453 1159 2533 10,
1215 2453 1340 2535 10).
1432 2453 1663 2535 Neque
1730 2455 1901 2517 enim
1960 2456 2015 2517 is
2063 2460 2185 2534 est,
2252 2454 2365 2534 qui
2418 2452 2684 2534 aliquid,

332 2582 462 2644 quo
511 2562 865 2624 amicorum
915 2579 1138 2622 euram
1186 2561 1454 2623 incitare
1503 2580 1744 2644 eosque
1803 2562 1883 2624 ad
1936 2562 2296 2623 iuvandum
2356 2560 2686 2642 impellere

330 2669 550 2751 possit,
591 2669 855 2731 omittat.

511 2773 660 2838 Huc
709 2775 971 2855 aceedit,
1020 2776 1192 2857 quod
1230 2777 1431 2837 nostri
1481 2776 1785 2837 carminis
1833 2794 1998 2838 verS.
2047 2779 2086 2839 9
2136 2795 2285 2857 seq.,
2335 2774 2573 2857 quibus
2622 2792 2689 2836 se

334 2883 625 2964 ingentia
663 2883 938 2965 pignora
977 2881 1054 2944 ab
1115 2883 1320 2944 amieo
1378 2883 1701 2964 accepisse
1741 2880 2014 2944 Ovidius
2052 2881 2404 2965 profitetur,
2452 2882 2689 2964 optime

335 2989 659 3071 quadrant
706 2989 785 3050 ad
846 3006 946 3066 ea,
996 3007 1160 3069 quae
1209 2988 1459 3070 epistul.
1529 3007 1612 3050 ex
1673 2987 1880 3050 Ponto
1929 2988 2027 3069 II,
2093 2992 2127 3050 7
2178 3008 2234 3050 v.
2284 2991 2368 3051 35
2428 3006 2557 3069 seq.
2608 2987 2687 3050 de

336 3096 552 3158 Attico
603 3096 796 3158 dicit:

597 3201 784 3264 »Non
832 3203 1032 3285 igitur
1076 3220 1318 3281 vereor,
1385 3202 1537 3283 quia
1586 3208 1647 3264 te
1695 3220 1837 3263 rear
1885 3220 2023 3264 esse
2071 3203 2446 3282 verendum,

600 3308 801 3371 Cuius
849 3329 1030 3371 amor
1075 3308 1262 3370 nobis
1309 3309 1584 3390 pignora
1630 3307 1835 3369 multa
1883 3307 2105 3370 dedit«

336 3415 569 3499 Neque
609 3417 827 3478 minus
875 3422 1020 3499 apte
1067 3416 1147 3478 ad
1188 3416 1479 3477 Atticum
1529 3419 1821 3498 spectant
1861 3433 1952 3494 ea,
2001 3435 2165 3496 quae
2213 3416 2280 3477 in
2331 3415 2530 3497 eleg.
2579 3414 2693 3496 IV,

345 3527 402 3603 7,
449 3544 505 3584 r.
558 3526 596 3584 5
646 3542 819 3604 seqq.
869 3523 1279 3606 ampliusque
1326 3523 1394 3583 in
1444 3522 1642 3605 eleg.
1692 3520 1770 3601 V,
1819 3523 1858 3583 6
1909 3521 1987 3584 de
2033 3523 2262 3584 intimo
2311 3541 2453 3601 usu,
2502 3541 2696 3603 quem

341 3629 615 3692 Ovidius
655 3649 804 3691 cum
843 3628 964 3691 hoc
1003 3629 1207 3692 amico
1259 3628 1585 3709 habuerit,
1634 3629 1956 3691 dicuntur.
2032 3629 2249 3710 Atque
2296 3615 2378 3691 ne
2432 3628 2501 3690 id
2557 3630 2699 3711 qui-

339 3737 491 3799 dem
541 3736 1022 3819 neglegendum
1074 3754 1213 3799 esse
1262 3755 1620 3816 oensemuS,
1669 3735 1841 3818 quod
1888 3735 1958 3795 in
2022 3754 2125 3817 ep.
2176 3754 2268 3798 ex
2314 3734 2565 3797 Ponto
2613 3734 2698 3814 II,

345 3847 382 3905 7
448 3862 650 3925 paene
697 3844 926 3906 iisdem
982 3842 1199 3906 verbis
1255 3844 1537 3906 amicum
1605 3847 1793 3925 poeta
1849 3841 2254 3921 adhortatur,
2322 3840 2558 3922 quibus
2631 3842 2698 3902 in

344 3950 531 4032 eleg.
580 3949 658 4030 V,
698 3952 755 4012 6.
848 3950 929 4012 In
977 3950 1087 4011 illa
1137 3951 1309 4011 enim
1360 3954 1422 4011 et
1469 3970 1526 4011 v.
1581 3951 1711 4011 83.:

480 4055 757 4139 »Coepta
805 4063 971 4136 tene,
1019 4076 1282 4139 quaese,
1329 4075 1541 4137 neque
1592 4056 1659 4118 in
1711 4074 1991 4137 aequore
2041 4054 2261 4116 desere
2309 4054 2566 4116 navim«

344 4162 427 4223 ad
475 4161 656 4224 Trist.
707 4162 784 4243 V,
834 4165 873 4225 6
922 4184 978 4224 v.
1029 4165 1148 4225 46:
1376 4174 1382 4179 “

774 4269 963 4331 »Vela
1013 4288 1133 4331 1100
1181 4271 1247 4332 111
1298 4269 1511 4331 medio
1564 4270 1786 4332 desere
1837 4274 2050 4331 nostra
2100 4268 2290 4328 mari«
