3123 4869
328 423 524 503 spirat
577 408 879 501 ¹magnam
943 419 1240 500 gra-tiam,
1305 437 1493 500 quan]
1561 437 1884 499 nusquam
1939 419 2063 479 m'si
2127 421 2194 479 111
2258 417 2548 500 epistulis
2597 414 2677 477 ad

326 527 710 608 {Pompeium
747 534 878 587 tam
915 526 1222 606 impensis
1261 524 1561 587 laudibus
1602 526 1992 588 cumulatam
2029 524 2361 607 profitetur
2390 522 2678 586 Ovidius,

332 635 466 695 Vix
528 635 701 696 enim
754 633 1015 695 retineri
1074 637 1296 714 potest,
1359 634 1518 713 quin
1565 634 1790 695 merita
1837 634 2025 695 amici
2073 633 2188 695 toti
2236 631 2381 694 urbi
2430 631 2683 692 nuntiet

331 750 394 803 et
455 760 688 804 nomen
746 739 884 802 eius
950 741 1018 801 in
1081 738 1474 802 carminibus
1523 741 1657 802 suis
1706 741 1999 822 proferat,
2050 746 2118 801 ut
2166 744 2228 801 et
2275 737 2573 820 aequales
2622 742 2684 799 et

331 849 571 931 posteri
619 849 839 910 mitem
878 848 1067 909 amici
1120 847 1408 908 animum
1447 853 1507 908 et
1543 847 1846 928 pietatem
1882 866 2183 930 magnam
2226 841 2682 928 cognoscantl).

334 954 589 1028 Quanto
657 960 870 1017 autem
927 954 1189 1017 affectus
1249 960 1344 1015 est
1402 954 1639 1036 gaudio
1702 960 1888 1036 poeta
1935 959 2167 1033 noster,
2232 971 2381 1015 011111
2428 951 2686 1014 tandem

334 1063 595 1123 nomina
659 1061 922 1143 Pompei
990 1062 1060 1121 in
1125 1060 1398 1142 epistula
1480 1062 1685 1142 prima
1750 1061 1829 1123 ad
1895 1062 2079 1123 illum
2152 1061 2389 1142 scripta
2450 1077 2688 1142 ponere

333 1170 561 1232 liceat!
657 1168 1040 1250 Saepissime
1101 1187 1169 1230 se
1223 1166 1346 1229 sibi
1392 1168 1607 1229 visum
1655 1186 1793 1230 esse
1840 1169 2111 1251 impiimi
2170 1167 2466 1247 declarat,
2515 1166 2687 1248 quod

336 1275 627 1357 nondum
674 1274 742 1337 id
788 1274 1010 1337 fecerit
1056 1274 1519 1357 profiteturque
1566 1295 1624 1336 V.
1681 1279 1752 1337 11
1808 1294 1975 1357 seq.:

660 1381 741 1444 »O
795 1383 1092 1463 quotiens
1140 1381 1248 1443 alii
1299 1401 1446 1444 cum
1493 1383 1727 1444 vellem
1774 1382 2069 1462 scribere,
2116 1400 2353 1444 nomen

660 1488 930 1551 Rettulit
975 1489 1045 1549 in
1095 1506 1271 1551 ceras
1317 1489 1524 1551 inscia
1574 1488 1800 1551 dextra
1845 1494 2074 1552 tuum«.

339 1597 569 1679 Neque
636 1615 924 1677 unquam
991 1614 1058 1656 se
1125 1595 1313 1657 amici
1380 1593 1733 1657 obliturum
1799 1615 1954 1678 esse,
2021 1598 2133 1660 sed
2217 1615 2468 1679 semper
2547 1597 2697 1657 viva

340 1704 651 1766 memoria
716 1703 1139 1784 repetiturum
1202 1702 1378 1763 illius
1435 1722 1705 1765 munera
1765 1723 2115 1786 omnesque
2162 1704 2498 1766 audituros
2547 1700 2698 1763 Ovi-

347 1811 527 1872 dium
580 1828 718 1872 esse
757 1809 1021 1890 Pompei
1061 1810 1522 1871 amicissimum
1579 1810 1699 1892 (ep.
1741 1829 1824 1872 ex
1860 1809 2041 1872 Pont.
2082 1809 2196 1890 IV,
2248 1813 2348 1891 15,
2396 1811 2480 1873 37
2523 1827 2695 1889 seqq.

344 1916 457 1998 lv,
507 1919 564 1995 5,
613 1917 696 1979 39
742 1915 962 1998 seqq).
1041 1915 1122 1977 Et
1162 1935 1441 1998 quonam
1481 1916 1669 1977 modo
1708 1916 1847 1979 fieri
1887 1918 2111 1999 potuit,
2161 1919 2319 2000 quin
2358 1919 2414 1979 is
2454 1917 2699 1978 amicus

348 2024 617 2085 summis
665 2028 999 2085 ornaretur
1046 2022 1365 2102 laudibuS,
1414 2024 1600 2084 cuius
1637 2024 1843 2105 gratia
1880 2042 2009 2085 non
2058 2024 2266 2085 solum
2304 2028 2491 2085 antea
2536 2040 2701 2084 nun-

349 2149 545 2212 quam
608 2130 790 2211 pigra
837 2128 1081 2207 fuisset,
1148 2130 1334 2191 cuius
1400 2149 1548 2191 arca
1611 2149 1946 2211 nunquam
2031 2128 2261 2192 Ovidio
2336 2128 2701 2191 »munificas

347 2256 500 2319 opes
581 2242 911 2318 negasset«
994 2235 1103 2318 (ex
1186 2236 1392 2298 Ponto
1476 2235 1589 2315 IV,
1677 2240 1710 2298 1
1798 2257 1854 2298 v,
1940 2238 2023 2299 23
2109 2236 2301 2318 seq),
2392 2235 2506 2298 sed
2591 2235 2703 2316 qui

352 2345 545 2405 etiam
593 2343 672 2404 de
720 2343 922 2404 amico
970 2343 1248 2424 relegato
1298 2348 1428 2404 tam
1474 2342 1638 2405 bene
1684 2351 2052 2424 mereretur,
2111 2350 2185 2405 ut
2246 2343 2323 2405 de
2371 2362 2444 2405 eo
2492 2346 2706 2424 posset

353 2450 478 2512 dici
530 2450 707 2530 epist.
752 2449 788 2512 I
836 2470 892 2511 v.
943 2452 1026 2511 25
1076 2469 1240 2531 seq.:

655 2555 874 2618 »Nunc
923 2575 1181 2639 quoque
1226 2557 1321 2618 nil
1368 2558 1598 2620 subitis
1648 2559 1985 2620 clementia
2031 2558 2249 2620 territa
2294 2557 2472 2634 fatis

659 2664 1004 2744 Auxilium
1052 2664 1219 2726 vitae
1266 2663 1517 2746 fertque
1564 2664 1855 2746 feretque
1900 2683 2109 2727 meae«

254 2847 261 2850 ¹
353 2772 459 2833 vel
506 2770 720 2853 paullo
770 2769 938 2832 infra
982 2791 1038 2831 v.
1090 2773 1172 2832 35
1222 2790 1384 2852 seq.:

676 2877 811 2939 »Sic
859 2897 976 2959 ego
1025 2897 1168 2939 sum
1216 2897 1430 2940 rerum
1477 2898 1608 2939 non
1654 2879 1896 2958 ultima,
1944 2871 2160 2958 801110,
2203 2884 2459 2940 1110111111

678 2983 1068 3065 Tutelaeque
1114 2984 1287 3046 feror
1331 3004 1569 3047 munus
1618 3004 1908 3066 opusque
1955 2991 2151 3047 tuae«

539 3092 706 3153 Aliis
768 3089 1029 3173 quidem
1071 3090 1311 3178 *amicis
1375 3092 1611 3173 gratias
1659 3092 1807 3174 agit,
1865 3090 2038 3172 quod
2087 3096 2256 3171 tum,
2323 3108 2471 3152 cum
2517 3089 2711 3152 rebus

363 3199 650 3262 adversis
712 3195 1085 3279 profligatus
1148 3202 1340 3278 esset,
1417 3199 1711 3283 quamvis
1771 3198 1960 3280 pauci
2022 3214 2090 3259 se
2138 3217 2270 3258 11011
2318 3197 2717 3259 deseruerint

363 3314 428 3370 et
506 3303 980 3367 misericordiae
1075 3304 1441 3387 dolorisque
1542 3304 1716 3387 pleni
1800 3304 2237 3367 calamitatem·
2304 3304 2493 3366 amici
2573 3324 2716 3386 gra-

367 3414 628 3475 vissime
674 3411 976 3490 tulerint,
1042 3411 1147 3472 hic
1207 3416 1421 3473 autem
1485 3430 1614 3473 11011
1687 3410 1901 3473 verbis
1958 3415 2210 3473 tantum
2270 3430 2337 3473 se
2384 3412 2717 3494 praestitit,

366 3520 482 3583 sed
531 3520 721 3600 etiam
769 3539 838 3580 re
884 3518 1142 3581 fidelem
1187 3519 1499 3600 piumque
1546 3516 1846 3579 sodalem.

549 3626 838 3688 Eandem
877 3630 1091 3686 autem
1127 3624 1430 3705 pietatem
1471 3623 1950 3705 maximamque
1990 3621 2205 3686 Ovidii
2255 3644 2405 3707 erga
2443 3626 2724 3687 amicum

369 3734 643 3817 gratiam
684 3732 989 3796 'Pi-istium
1028 3748 1285 3812 quoque
1326 3730 1581 3813 elegia
1617 3728 1667 3809 Ι,
1707 3732 1747 3791 5
1787 3728 2057 3812 spirat2),
2098 3751 2290 3812 quam
2329 3732 2722 3796 simillimam

373 3860 513 3903 esse
548 3859 704 3902 sono
737 3845 799 3901 et
825 3838 1042 3900 indole
1073 3837 1185 3916 illi.
1213 3837 1289 3898 de
1323 3857 1450 3918 qua
1479 3836 1667 3898 modo
1700 3836 2185 3919 disputavimus,
2217 3839 2346 3900 iam
2366 3836 2720 3921 Loersius3)

525 4105 563 4173 ¹)
602 4104 759 4157 Trist.
799 4103 866 4170 V,
906 4107 955 4170 9,
999 4106 1185 4155 1—10.

522 4195 565 4260 ²)
604 4195 668 4247 cf.
745 4181 912 4245 Koch.
954 4208 1090 4261 pag„
1130 4194 1196 4243 27
1238 4191 1416 4245 adnot.

525 4283 566 4348 3)
603 4283 662 4335 111
700 4282 828 4334 edit.
868 4281 1124 4333 Tristium
1162 4295 1281 4347 pag.
1324 4285 1443 4333 496.

2272 4375 2304 4421 NJ
