3123 4869
1284 263 1723 324 ..40-

326 443 612 524 coegisse
651 447 899 504 constat
924 443 987 520 1).
1073 440 1223 504 Fuit
1262 448 1494 520 autem,
1540 448 1614 504 ut
1650 440 2087 505 Mommsenus
2109 444 2157 524 2)
2197 443 2448 520 conicit,
2486 441 2693 503 frater

323 551 535 611 minor
599 554 756 610 natu
818 548 998 610 illius
1076 547 1311 629 Silani,
1389 550 1499 630 qui
1559 569 1729 611 anno
1802 569 1859 630 p.
1924 548 2065 611 Chr.
2133 551 2214 611 10
2276 548 2686 611 consulatum

327 657 571 738 accepit
590 656 656 736 3).
715 655 756 717 J
761 675 864 717 am
902 675 1055 718 vero
1098 656 1449 736 videamus,
1491 675 1809 738 quaenam
1849 656 1977 718 sint
2015 675 2265 735 causae,
2313 675 2429 718 cur
2466 655 2683 716 Ovidii

327 763 608 825 Brutum
671 762 950 824 eundem
1016 781 1155 825 esse
1202 764 1416 825 virum
1465 770 1659 845 atque
1726 762 1809 824 M.
1856 763 1897 825 J
1902 764 2134 825 unium
2184 761 2248 825 C.
2297 763 2339 825 f.
2388 762 2687 825 Silanum

329 889 727 933 censeamus.
821 870 918 931 Ac
966 871 1249 952 primum
1300 870 1565 951 quidem
1615 871 1853 953 optime
1902 889 2051 932 cum
2088 869 2385 932 versibus
2432 868 2562 930 illis
2602 888 2691 931 ex

330 977 583 1060 epistul.
634 996 715 1040 ex
766 978 977 1041 Ponto
1026 977 1140 1057 IV,
1190 980 1227 1039 6
1276 979 1406 1039 iam
1455 997 1648 1060 supra
1700 977 1908 1039 allatis
1957 979 2285 1057 convenit,
2352 977 2524 1058 quod
2570 975 2692 1038 Ta-

331 1085 499 1146 citus
565 1085 633 1145 in
681 1085 917 1147 Annal.
983 1083 1116 1163 III,
1181 1086 1267 1146 24
1333 1085 1527 1146 huius
1583 1085 1705 1144 viri
1768 1085 2088 1166 insignem
2154 1084 2558 1147 nobilitatem
2626 1089 2692 1146 et

331 1191 769 1272 eloquentiam
816 1190 1055 1254 laudat.
1148 1191 1489 1254 Praeterea
1528 1198 1745 1253 autem
1792 1192 2088 1253 intimam
2137 1193 2277 1253 eius
2337 1192 2688 1253 amicitiam

332 1302 393 1360 et
440 1317 653 1378 usum,
703 1317 897 1379 quem
946 1318 1096 1360 cum
1145 1299 1427 1380 Augusti
1473 1298 1720 1360 familia
1776 1299 2191 1379 maximeque
2240 1317 2388 1360 cum
2435 1297 2692 1360 Tiberio

332 1404 589 1483 habuit,
658 1403 918 1466 Cassius
964 1403 1086 1466 Dio
1135 1406 1203 1466 in
1252 1405 1393 1467 libr.
1440 1405 1596 1467 LIX
1659 1425 1791 1487 cap.
1843 1407 1880 1466 8
1943 1405 2042 1466 his
2089 1405 2303 1468 verbis
2352 1405 2689 1468 describit:

319 1505 407 1574 ‘O
459 1507 570 1592 μὲν
619 1504 741 1594 ’γὰρ
782 1507 1087 1595 Τιβήριος
1129 1510 1327 1585 οὕτως
1368 1507 1558 1575 αὐτὸν
1608 1510 1925 1594 ἐτίμησεν,
1976 1509 2136 1576 ὥστε
2178 1510 2339 1594 μηδὲ
2378 1507 2693 1594 ἐκκλητὸν

332 1640 487 1682 ποτε
555 1613 855 1681 ἀπἀὔτοῢ
918 1614 1182 1683 δικάσαι
1245 1620 1589 1701 esemona,
1667 1613 2027 1704 ἀλλ’ἐκείνῳ
2099 1615 2315 1684 πάντα
2364 1609 2558 1693 affin<
2605 1613 2697 1681 τὰ

333 1729 609 1789 τοιαῦτα
666 1724 1034 1808 ἐγχειρίσαι.
1139 1724 1318 1800 Quae
1363 1726 1766 1789 familiaritas
1816 1746 1888 1789 eo
1939 1746 2198 1809 quoque
2262 1727 2538 1788 indicari
2597 1727 2696 1785 vi-

336 1834 541 1912 detur,
591 1832 764 1915 quod
818 1831 1091 1895 Ovidius
1139 1834 1207 1894 in
1256 1834 1335 1894 iis
1383 1834 1695 1916 epistulis,
1745 1853 1905 1915 quas
1951 1836 2252 1918 Augusto
2302 1835 2492 1895 etiam
2540 1833 2695 1894 vivo

336 1940 591 2023 scripsit
639 1940 719 2002 ad
769 1939 1066 2020 Brutum,
1114 1960 1439 2023 nusquam
1489 1942 1808 2022 amicum,
1870 1947 1947 2004 ut
2009 1960 2076 2003 se
2140 1941 2402 2003 adiuvet
2459 1944 2521 2001 et
2576 1959 2696 2021 pro

337 2066 405 2110 se
445 2046 523 2109 ab
572 2049 958 2129 imperatore
1005 2054 1179 2130 petat
1226 2049 1502 2128 veniam,
1550 2048 1940 2110 adhortatur.
2034 2047 2113 2109 In
2154 2047 2427 2129 epistula
2476 2051 2696 2108 autem

336 2154 450 2233 IV,
500 2157 539 2217 6
590 2154 807 2236 paullo
855 2162 998 2237 post
1042 2156 1328 2239 Augusti
1375 2161 1649 2218 mortem
1688 2155 1924 2237 scripta
1970 2175 2103 2217 non
2151 2154 2359 2217 solum
2400 2154 2701 2214 intimam

341 2261 649 2324 describit
687 2262 1056 2344 amicitiam,
1097 2282 1262 2344 quae
1301 2281 1368 2325 se
1407 2282 1557 2324 cum
1590 2262 1793 2325 Bruto
1833 2263 2265 2341 coniunxerit,
2304 2281 2360 2321 v.
2383 2262 2465 2322 23
2490 2278 2699 2340 seqq:

515 2403 711 2467 »Nam
761 2423 910 2467 cum
959 2406 1352 2489 praestiteris
1399 2425 1630 2469 verum
1677 2405 1837 2467 mihi
1885 2424 2138 2488 semper
2185 2422 2486 2483 amorem,

516 2510 643 2574 Hic
693 2518 910 2575 tamen
959 2513 1227 2576 adverso
1276 2519 1561 2596 tempore
1611 2514 1811 2575 crevit
1858 2533 2067 2575 amor:

522 2618 781 2701 Quique
829 2625 974 2682 tuas
1021 2622 1260 2703 pariter
1304 2620 1605 2682 lacrimas
1653 2625 2032 2701 nostrasque
2080 2619 2344 2698 videret,

520 2726 837 2789 Passuros
885 2745 1159 2808 poenam
1208 2726 1496 2790 crederet
1545 2745 1683 2788 esse
1733 2726 1923 2789 duos«

343 2870 454 2932 sed
496 2869 690 2931 etiam
742 2868 930 2930 illum
979 2869 1311 2950 admonet,
1372 2877 1445 2933 ut
1481 2888 1596 2952 pro
1646 2888 1713 2931 se
1751 2870 2120 2951 imperatori
2162 2887 2325 2930 novo
2366 2866 2710 2949 supplicet.

343 2974 649 3058 Legimus
699 2976 872 3037 enim
921 2996 978 3036 v.
1034 2979 1113 3039 19
1164 2996 1335 3058 seqq.
1358 2962 1381 3038 τ’

493 3298 533 3365 1)
573 3297 694 3351 Dio
732 3297 876 3361 LJX.
916 3302 964 3351 8.
1004 3298 1269 3351 Sueton.
1312 3297 1541 3366 Caligul.
1586 3301 1669 3349 23.
1709 3296 1913 3349 Tacit.
1955 3295 2133 3363 Agl-ic.
2176 3298 2223 3347 4.

498 3405 541 3473 ²)
580 3406 720 3472 apud
758 3404 1089 3457 Henzens.
1117 3404 1276 3458 Scavi
1313 3405 1348 3457 l.
1387 3404 1422 3457 l.

495 3512 537 3579 3)
576 3511 732 3564 Alter
785 3512 859 3565 M.
897 3512 1098 3564 Junius
1150 3511 1367 3565 Silanus
1418 3511 1492 3564 M.
1533 3513 1568 3563 f.
1609 3528 1749 3564 auno
1797 3528 1845 3578 p.
1886 3510 2007 3564 Chr.
2063 3513 2125 3561 19
2166 3506 2354 3561 consul
2406 3505 2723 3559 ordinarius

349 3601 457 3653 fuit
495 3616 621 3653 cum
659 3600 718 3655 L.
759 3601 1012 3654 Norbano
1053 3601 1224 3654 Balbo
1262 3602 1348 3669 (cf.
1403 3601 1607 3654 Tacit.
1658 3601 1797 3652 Ann.
1837 3600 1918 3666 Π.
1961 3604 2041 3652 59.
2118 3595 2448 3666 Borghesi
2493 3594 2528 3646 l.
2568 3593 2603 3645 1.
2646 3595 2718 3649 V.

354 3707 471 3759 pag.
513 3693 641 3742 216:
701 3690 822 3742 >›Ex.
862 3688 912 3743 S.
954 3690 1008 3743 C.
1058 3690 1132 3743 M.
1173 3689 1356 3743 Silano
1404 3690 1476 3742 M.
1526 3690 1561 3741 f.
1617 3689 1674 3741 L.
1714 3687 1968 3741 Norbano
2015 3686 2185 3741 Balbo
2229 3701 2363 3739 cos«
2444 3684 2493 3735 J.
2541 3683 2605 3735 R.
2644 3684 2718 3735 N.

353 3782 509 3833 2898.
548 3778 830 3831 Henzen.
861 3783 1015 3832 6432.
1039 3783 1178 3832 7419
1206 3779 1290 3847 ἀγ.
1319 3779 1655 3832 bulletino
1681 3776 2079 3830 dell’instit.
2114 3779 2248 3829 1856
2274 3790 2389 3842 pag.
2413 3772 2518 3839 60).
2558 3776 2723 3825 Auno

353 3886 403 3935 p.
433 3869 553 3920 Chr.
582 3873 795 3922 33—38
834 3868 1121 3935 proconsul
1145 3868 1359 3921 Africae
1386 3869 1493 3920 fuit
1519 3867 1881 3936 (Borghesi
1918 3866 1954 3919 l.
1982 3866 2017 3918 l.
2057 3882 2173 3933 pag.
2203 3868 2337 3916 217:
2375 3861 2723 3914 »Praefectus

354 3958 573 4011 fabrum
609 3956 684 4010 M.
725 3957 899 4010 Silani
935 3957 1009 4010 M.
1048 3957 1105 4010 F.
1146 3956 1309 4010 Sexto
1348 3956 1717 4025 Carthaginis«
1756 3959 1812 4009 et
1848 3972 1967 4024 pag.
2011 3954 2153 4020 208).
2243 3952 2327 4005 Ad
2374 3950 2605 4018 eundem
2643 3948 2721 4001 M.

355 4048 607 4101 Silanum
643 4048 884 4113 pertinet
920 4047 1088 4100 Tacit.
1128 4046 1331 4099 Histor.
1370 4046 1464 4111 IV,
1505 4049 1591 4111 48,
1631 4045 1726 4098 ubi
1764 4044 2026 4097 traditur:
2081 4041 2235 4094 »Mox
2274 4040 2328 4093 C.
2370 4041 2565 4092 Caesar
2603 4043 2723 4089 tur-

357 4138 520 4190 bidus
571 4139 741 4192 animi
789 4152 851 4189 ac
901 4136 975 4190 M.
1015 4136 1262 4190 Silanum
1309 4136 1648 4189 obtinentem
1695 4134 1934 4186 Africam
1998 4135 2247 4183 metuens
2312 4127 2550 4181 ablatam
2599 4144 2725 4193 pro-

363 4232 575 4286 consuli
610 4231 881 4299 legionem
921 4229 1087 4281 misso
1125 4229 1182 4278 in
1221 4242 1339 4280 cam
1390 4241 1506 4278 rem
1543 4224 1724 4292 legato
1772 4221 2043 4275 tradidit«
2120 4218 2311 4272 Paullo
2346 4220 2531 4283 postea
2577 4231 2724 4267 mor-

368 4325 497 4373 tuus
537 4323 634 4373 est.
