3123 4869
1379 246 1816 307 —10—

422 444 554 485 11011
605 423 873 485 ultimus
917 424 1088 486 inter
1136 423 1354 486 Cottae
1404 425 1644 485 amicos
1692 423 1769 503 (Ι,
1818 425 1877 503 5,
1930 422 2009 505 1),
2072 429 2265 504 atque
2310 423 2576 485 minime
2624 428 2779 483 sunt

425 530 679 593 silentio
726 530 1293 612 praetermittenda
1338 531 1533 593 verba
1597 531 1727 605 illa,
1792 548 1958 610 quae
2021 531 2090 591 in
2139 529 2390 611 epistul.
2440 548 2522 592 ex
2568 527 2778 590 Ponto

421 637 506 718 ΙΙ,
554 640 592 699 3
640 658 700 698 V.
757 640 835 700 73
886 656 1014 718 seq.
1064 637 1371 720 legimus:

560 741 778 817 »Quod
827 764 976 806 011111
1024 749 1236 807 vestra
1285 745 1513 806 domus
1564 745 1800 807 teneris
1846 743 2028 805 mihi·
2054 762 2304 826 semper
2351 742 2429 805 ab
2479 743 2666 804 annis

557 850 743 913 Culta
792 852 893 930 sit,
942 870 1079 914 esse
1125 856 1314 914 vetus
1360 869 1464 913 me
1513 851 1631 912 tibi
1679 851 1851 933 cogit
1897 869 2089 911 onus«

422 963 483 1019 et
533 977 697 1037 quae
746 940 962 1039 paullo
1012 963 1199 1020 antea
1245 963 1432 1039 poeta
1482 958 1637 1020 dicit
1685 958 1767 1039 (v,
1818 959 1901 1019 69
1952 957 2185 1040 seqq.):

784 1063 1016 1126 »Movit
1061 1065 1379 1127 amicitiae
1426 1069 1565 1127 tum
1614 1069 1677 1126 te
1726 1064 2086 1125 constantia
2133 1063 2380 1146 longae,

787 1172 958 1233 Ante
1004 1178 1150 1233 tuos
1199 1176 1395 1249 ortuS‚
1445 1189 1611 1252 quae
1658 1171 1816 1232 mihi
1866 1178 2088 1253 coepta
2134 1169 2274 1232 fuit.

782 1276 867 1339 Et
915 1278 1086 1358 quod
1136 1296 1277 1339 eras
1324 1277 1468 1340 aliis
1515 1277 1742 1358 factus,
1789 1277 1945 1338 mihi
1996 1281 2188 1339 natus
2235 1277 2499 1356 amicus,

788 1382 1105 1466 Quodque
1151 1384 1271 1446 tibi
1319 1385 1386 1446 in
1435 1385 1624 1447 cunis
1674 1383 1895 1446 oscula.
1942 1384 2150 1466 prima
2198 1383 2391 1448 dedi.«

597 1489 695 1551 Ex
763 1490 861 1551 his
925 1490 1244 1570 omnibus,
1306 1511 1473 1573 quae
1535 1491 1890 1565 attulimus,
1955 1491 2108 1551 satis
2167 1489 2427 1552 videtur
2473 1510 2779 1573 apparere

416 1596 717 1658 Tristium
770 1596 928 1679 eleg.
977 1596 1089 1675 ΠΤ,
1138 1600 1177 1658 4
1227 1597 1308 1659 ad
1355 1597 1780 1659 Messalinum
1831 1604 1942 1659 aut
1986 1596 2232 1659 Cottam
2282 1615 2421 1659 esse
2461 1598 2777 1680 scriptam.

418 1702 611 1765 Nunc
674 1702 1040 1782 videamus,
1109 1705 1235 1766 utri
1301 1705 1383 1767 sit
1451 1704 1679 1766 danda.
1791 1703 2078 1765 Kochius
2145 1703 2184 1763 l.
2253 1684 2291 1764 l.
2358 1723 2498 1786 pag.
2572 1707 2649 1766 14
2718 1712 2779 1766 et

417 1809 756 1872 Haakhius
801 1810 871 1870 in
919 1808 1130 1889 Pauly
1179 1810 1507 1892 encyclop.
1555 1810 1595 1871 1.
1644 1810 1683 1871 l.
1734 1829 1872 1872 eam
1911 1809 2260 1871 Messalino
2299 1810 2777 1873 inscribendam

420 1935 558 1980 esse
629 1921 877 1998 putant.
998 1914 1230 1997 Neque
1310 1923 1524 1979 tamen
1585 1926 1788 1996 recte,
1866 1924 2182 1998 quantum
2254 1917 2443 1978 nobis
2504 1918 2778 1981 videtur.

417 2023 591 2097 Quas
641 2023 812 2085 enim
861 2022 957 2085 illi
1005 2023 1130 2084 viri
1179 2023 1349 2085 docti
1390 2023 1671 2087 afferunt
1712 2020 2013 2104 causasl),
2059 2024 2329 2087 minime
2366 2044 2484 2086 nos
2523 2031 2780 2107 cogunt,

420 2137 488 2192 111
555 2130 634 2192 de
691 2148 765 2192 00
830 2130 1237 2212 potissimum
1305 2132 1665 2214 cogitemus
1734 2150 1880 2192 nam
1949 2130 2174 2192 eodem
2260 2131 2402 2194 iure
2480 2131 2634 2193 inde
2700 2131 2778 2193 ad

416 2236 662 2299 Cottam
723 2237 1024 2319 scriptam
1082 2255 1222 2300 esse
1298 2238 1640 2320 epistulam
1717 2237 2018 2320 colligere
2090 2256 2450 2319 possumus.
2574 2237 2778 2299 Immo

416 2345 575 2425 quin
626 2342 932 2405 Ovidium
994 2344 1073 2406 ad
1140 2345 1315 2407 hunc
1384 2350 1671 2407 nostram
1734 2345 2005 2426 elegiam
2071 2345 2401 2426 scripsisse
2463 2349 2779 2427 putemus,

413 2452 623 2514 facere
687 2472 817 2514 non
863 2455 1227 2536 possuan
1290 2454 1341 2515 si
1404 2454 1473 2515 in
1534 2452 1932 2520 carminibus
1993 2452 2123 2514 illis
2170 2452 2466 2515 videmus
2527 2458 2778 2534 poetam

416 2558 618 2621 multo
661 2560 904 2622 maiore
946 2579 1162 2622 amore
1209 2558 1457 2623 Cottam
1493 2579 1632 2622 esse
1667 2559 2058 2641 amplexum,
2111 2579 2304 2640 quam
2338 2559 2777 2622 Messalinum.

414 2664 600 2739 Quod
669 2686 798 2727 non
863 2666 1073 2728 solum
1136 2686 1219 2729 ex
1278 2686 1351 2729 00
1411 2667 1895 2749 cognoscimUS,
1958 2664 2130 2747 quod
2177 2665 2339 2729 alter
2386 2666 2570 2730 alteri
2614 2668 2778 2748 »pig-

414 2791 570 2834 nora
617 2773 815 2834 studii
864 2774 995 2835 sui«
1043 2774 1236 2852 misit,
1284 2773 1414 2837 sed·
1447 2780 1669 2836 noster
1708 2774 1900 2835 etiam
1950 2774 2204 2855 saepius
2252 2773 2317 2834 id
2364 2773 2434 2835 in
2482 2773 2779 2835 carmini-

410 2878 534 2942 bus
581 2878 934 2962 profitetur.
1039 2879 1207 2943 Nam
1269 2887 1341 2955 ut
1403 2882 1776 2943 omittamus
1842 2879 2088 2941 Cottam
2158 2898 2251 2961 ep.
2312 2898 2394 2942 ex
2442 2879 2650 2942 Ponto
2697 2877 2779 2957 ΙΙ,

413 2988 451 3048 3
500 3006 560 3047 v.
609 2988 647 3048 3
698 2986 1041 3069 appellari:
1090 2986 1307 3050 »Culte
1354 2987 1513 3049 mihi
1564 3035 1576 3047 .
1627 3035 1639 3048 .
1690 3035 1702 3047 .
1752 3035 1764 3047 .
1816 3035 1827 3047 .
1880 3005 2257 3069 supremum
2305 2988 2477 3049 vitae
2524 2996 2777 3068 tempus

411 3093 704 3174 adusque
751 3113 986 3175 meae«,
1048 3095 1116 3156 in
1178 3113 1448 3157 numero
1496 3093 1789 3167 fidelium
1829 3094 2186 3155 amicorum
2226 3112 2377 3156 eum
2414 3094 2771 3175 principem

411 3205 473 3261 et
537 3199 690 3262 fidei
758 3205 820 3263 et
878 3202 1276 3264 constantiae
1338 3209 1556 3264 tenere
1618 3201 1834 3263 locum
1896 3220 2017 3282 ep.-
2055 3219 2136 3262 ex
2199 3199 2406 3261 Ponto
2470 3198 2553 3268 ΙΙ,
2612 3202 2650 3261 3
2713 3219 2770 3259 V.

410 3307 673 3370 25-34
735 3306 1145 3389 praedicatur
1207 3314 1269 3373 et
1326 3309 1394 3368 in
1459 3295 1683 3370 eodem
1749 3307 2033 3369 carmine
2079 3327 2138 3367 v,
2219 3308 2296 3368 81
2366 3325 2493 3387 seq.
2525 3311 2773 3388 ‘aperte

409 3412 671 3476 dicitur:

619 3519 731 3583 »Te
777 3526 992 3584 tamen
1040 3525 1189 3583 ante
1235 3521 1446 3583 omnis
1495 3521 1584 3582 ita
1635 3540 1778 3582 sum
1829 3521 2226 3602 complexuS,
2273 3525 2345 3581 ut
2394 3540 2563 3581 unus

624 3625 926 3701 Quolibet
972 3629 1039 3689 in
1088 3647 1245 3690 casu
1290 3627 1497 3709 gratia
1543 3633 1762 3689 nostra
1807 3628 2022 3690 fores-j«

411 3732 751 3797 Praeterea
798 3739 1011 3796 autem
1059 3734 1173 3796 illa
1219 3753 1473 3796 morum
1521 3734 1844 3812 nobilitas,
1892 3753 2057 3815 quae
2117 3733 2301 3795 initio
2351 3739 2603 3795 nostrae
2653 3734 2775 3796 ele-

405 3841 549 3922 giae
594 3840 921 3904 laudatur:

549 4107 588 4175 ¹)
626 4106 707 4159 Ex
748 4106 1076 4177 comparatis
1130 4105 1275 4159 enim
1326 4105 1590 4158 Tristium
1641 4105 1772 4175 eleg.
1812 4106 1908 4172 IV,
1959 4110 2007 4158 4.
2062 4122 2112 4158 v,
2155 4108 2222 4159 27
2262 4121 2375 4173 sqq.
2417 4083 2543 4158 cum
2584 4122 2664 4173 ep.
2705 4121 2768 4156 ex

405 4195 577 4249 Ponto
627 4196 671 4252 Ι,
722 4200 770 4262 7,
825 4198 891 4249 27
945 4211 1054 4263 seq.
1095 4197 1151 4248 et
1187 4210 1255 4247 ex
1291 4194 1447 4248 Pont.
1487 4194 1555 4261 ΙΙ,
1597 4198 1647 4254 52,
1692 4199 1760 4249 99
1800 4198 1854 4248 et
1889 4194 2043 4248 Trist.
2083 4194 2178 4261 ΠΤ,
2219 4199 2267 4248 4.
2310 4199 2340 4249 5
2379 4210 2488 4261 seq.
2529 4211 2651 4246 cum
2693 4210 2771 4260 ep.

402 4300 467 4336 ex
505 4284 567 4337 P.
605 4284 676 4350 Π,
717 4287 765 4350 2,
807 4288 868 4337 51
911 4283 1045 4337 locis
1083 4284 1138 4337 id
1178 4284 1521 4337 concludunt.
2097 4285 2104 4296 ¹
