3123 4869
1333 223 1774 281 —15—

691 399 961 461 »Addita
1010 405 1341 480 praeterea
1391 399 1559 460 vitae
1610 417 1869 479 quoque
1917 397 2118 459 multa
2167 397 2443 458 tuendae

691 504 982 577 Munera,
1030 524 1110 567 ne
1157 506 1448 587 proprias
1499 511 1857 567 attenuaret
1909 522 2088 586 opes«

370 630 470 691 vel
523 650 577 690 v.
628 631 710 692 33
760 648 972 711 seqq:

629 753 739 816 »Te
788 753 929 831 sibi,
979 773 1126 816 cum
1173 754 1444 834 fugeret.
1493 754 1758 815 memori
1808 752 1968 814 solet
2017 770 2126 814 ore
2171 751 2410 813 referre

629 859 975 922 Barbariae
1023 865 1192 921 tutas
1242 859 1616 921 exhibuisse
1665 860 1832 920 vias:
1877 890 1881 895 ·

629 967 956 1050 Sanguine
1004 966 1369 1028 Bistonium
1419 966 1592 1048 quod
1642 985 1770 1027 non
1818 966 2186 1047 tepefecerit
2234 984 2469 1043 ensem,

629 1072 945 1136 Effectum
991 1093 1147 1135 cura
1193 1075 1468 1155 pectoris
1517 1092 1657 1136 esse
1703 1074 1829 1135 tui«

368 1199 484 1261 sed
534 1200 737 1261 etiam·
770 1200 839 1259 in
887 1199 1064 1280 epist.
1113 1196 1227 1276 IV,
1281 1200 1359 1259 15
1412 1218 1467 1259 v.
1516 1200 1554 1259 3
1606 1217 1779 1279 seqq.
1831 1195 2103 1258 Ovidius
2150 1195 2509 1278 profitetur:

630 1321 1041 1385 »Caesaribus
1090 1323 1306 1402 vitam,
1355 1321 1550 1384 Sexto
1602 1321 1835 1384 debere
1881 1325 2156 1382 satutem

630 1429 735 1492 Me
783 1430 957 1491 sciat.
1052 1429 1112 1490 A
1162 1429 1412 1511 superis
1460 1427 1565 1490 hic
1613 1428 1773 1489 mihi
1820 1428 2065 1510 primus
2114 1428 2248 1491 erit.

626 1535 935 1618 Tempora
983 1555 1130 1596 nam
1181 1537 1450 1597 miserae
1500 1535 1886 1617 complectar
1931 1539 2003 1596 ut
2053 1535 2266 1596 omnia
2314 1535 2481 1596 vitae

629 1643 690 1703 A
738 1643 984 1711 meritis
1032 1643 1172 1705 eius
1218 1662 1365 1724 pars
1413 1642 1572 1703 mihi
1620 1642 1798 1704 nulla
1844 1645 2075 1703 vacat«
2228 1625 2233 1629 ¹

551 1765 883 1841 Quomodo
917 1772 1132 1829 autem
1153 1768 1297 1830 Sex.
1349 1766 1696 1850 Pompeius
1742 1770 1998 1848 poetam
2043 1766 2112 1826 in
2159 1764 2426 1849 Thracia
2472 1785 2727 1829 servare

366 1875 679 1957 potuerit,
745 1875 1132 1956 ignoramus
1236 1875 1373 1936 Aut
1435 1894 1473 1935 a
1531 1872 1799 1936 Caesare
1855 1890 2005 1934 eum
2051 1871 2352 1954 precibus
2400 1878 2463 1935 et
2510 1881 2728 1936 aucto-

368 1981 556 2043 ritate
603 1981 995 2062 impetrasse,
1040 1986 1114 2043 ut
1162 1979 1393 2043 Ovidio
1442 1999 1556 2063 per
1593 1977 2012 2041 barbararum
2056 1980 2348 2062 gentium
2384 1979 2546 2042 fines
2583 2001 2727 2062 pro-

367 2087 681 2149 ficiscenti
727 2087 1121 2169 praesidium
1170 2086 1446 2167 daretur,
1509 2087 1683 2169 quod
1745 2087 1961 2148 minus
2005 2086 2355 2148 verisimile
2418 2092 2531 2166 est,
2578 2106 2723 2149 cuin

369 2191 642 2256 Ovidius
703 2194 1022 2276 relegatus
1082 2194 1293 2273 fuerit,
1354 2200 1465 2256 aut
1530 2213 1681 2256 eum
1740 2199 1877 2255 tum
1931 2193 2066 2254 illic
2129 2192 2397 2282 fortasse
2443 2193 2728 2276 legatum

366 2300 568 2363 fuisse
617 2299 904 2362 Caesaris
951 2300 1364 2363 statuendum
1430 2306 1539 2362 est.
1634 2299 1974 2362 Praeterea
2021 2304 2236 2361 autem
2284 2318 2365 2362 ex
2415 2301 2592 2382 epist.
2644 2320 2726 2363 ex

367 2405 574 2470 Ponto
622 2406 735 2489 IV,
785 2410 824 2470 5
871 2427 928 2469 V.
979 2409 1063 2470 25
1112 2426 1240 2490 seq.
1291 2406 1420 2470 Sex
1468 2407 1851 2490 Pompeium
1913 2404 2487 2469 familiarissimum
2534 2427 2725 2470 usum

368 2514 671 2577 habuisse
719 2534 867 2577 cum
915 2514 1183 2577 Caesare
1232 2513 1614 2578 Germanico
1663 2514 2125 2597 cognoscimus,
2203 2569 2206 2570 ⁷

544 2618 774 2703 Neque
821 2620 1086 2704 Pompei
1153 2620 1455 2684 facundia
1503 2642 1540 2685 a
1587 2626 1803 2683 nostro
1862 2622 2393 2704 praetermittitur
2451 2622 2725 2703 silentio,

369 2746 518 2788 cum
568 2728 818 2809 epistul.
868 2727 963 2789 IV
1010 2746 1171 2790 vers.
1223 2730 1305 2790 37
1357 2748 1486 2810 seq.
1537 2728 1636 2789 his
1684 2747 1826 2790 eam
1874 2727 2123 2789 extollit
2171 2726 2473 2790 laudibus

733 2859 899 2923 »Hos
944 2860 1058 2923 ubi
1106 2860 1385 2923 facundo
1434 2867 1547 2924 tua
1595 2881 1722 2922 vox
1772 2861 2141 2923 hilaraverit
2189 2880 2316 2942 ore,

738 2966 953 3049 thue
1001 2967 1178 3048 solet,
1224 2968 1445 3030 tulerit
1492 2986 1795 3050 prospera
1841 2966 2039 3030 verba.
2080 2967 2263 3030 dies«

547 3098 905 3182 Permagna
958 3106 1173 3163 autem
1224 3101 1673 3182 permultaque
1702 3099 1870 3162 bona
1904 3100 2078 3163 hunc
2115 3102 2327 3163 virum
2365 3102 2725 3182 possedisse

368 3226 501 3268 non
550 3206 760 3268 solum
802 3205 1064 3287 Romae,
1111 3206 1223 3269 sed
1273 3207 1469 3269 etiam·
1510 3207 1584 3267 in
1630 3206 1869 3286 Sicilia,
1915 3205 2312 3288 Macedonia,
2361 3205 2724 3290 Campania,

370 3331 537 3395 quae
583 3312 689 3374 vel
736 3333 772 3375 a
815 3319 994 3396 patre
1042 3333 1157 3375 suo
1206 3313 1558 3376 hereditate
1608 3316 1956 3396 accepisset
2005 3314 2108 3376 vel
2156 3314 2293 3395 ipse
2332 3311 2456 3375 sibi
2505 3317 2725 3398 acqui—

370 3420 643 3498 sivisset,
688 3420 758 3480 111
806 3438 898 3501 ep.
949 3422 1033 3494 ⁸15
1083 3440 1243 3482 vers,
1299 3423 1379 3482 15
1430 3440 1606 3504 seqq.
1659 3421 2097 3502 demonstrant
2123 3420 2186 3503 1).

520 3649 559 3715 1)
596 3648 659 3700 111
697 3646 930 3702 Senecae
969 3648 1035 3701 de
1074 3649 1472 3716 tranquillitate
1512 3650 1682 3703 animi
1720 3649 1858 3702 libro
1897 3666 2009 3716 cap.
2049 3649 2150 3716 XI,
2194 3653 2257 3702 10
2295 3648 2557 3716 legimus:
2595 3649 2724 3702 »Lo-

372 3736 558 3804 cuples
606 3752 692 3789 es:
742 3737 1007 3805 numquid
1060 3737 1286 3790 divitior
1333 3737 1628 3805 Pompeio?
1681 3739 1772 3791 cui
1810 3754 1936 3813 cum
1986 3739 2180 3805 Gaius,
2233 3741 2394 3792 vetus
2443 3741 2725 3806 cognatus,

372 3825 566 3892 hospes
604 3841 795 3892 novus,
835 3825 1136 3893 aperuisset
1174 3827 1422 3880 Caesaris
1460 3828 1699 3894 domum,
1739 3829 1801 3879 ut
1838 3843 1994 3880 suam
2036 3828 2295 3892 eluderet,
2340 3826 2515 3878 defuit
2550 3827 2723 3893 panis,

374 3930 529 3981 aqua.
606 3914 740 3966 Cum
779 3916 860 3967 tot
895 3914 1125 3968 flumina
1160 3916 1462 3982 possideret
1500 3917 1557 3968 in
1596 3932 1694 3969 suo
1732 3916 1979 3983 orientia,
2017 3917 2077 3968 in
2114 3915 2519 3981 suo‘cadentia,
2572 3931 2724 3967 men-

284 4049 285 4052 ,
373 4001 579 4056 dicavit
630 4002 928 4056 stillicidia.
1004 4003 1172 4057 Fama
1219 4009 1275 4056 et
1326 4004 1420 4057 siti
1460 4005 1625 4073 periit
1670 4005 1726 4056 in
1764 4004 1967 4072 palatio
2006 4006 2241 4074 cognati,
2280 4005 2407 4058 dum
2446 4003 2529 4056 illi
2567 4003 2725 4058 heres

372 4091 652 4158 publicum
681 4092 845 4145 funus
871 4092 1133 4144 esurienti
1161 4092 1344 4147 locat«.
1422 4098 1557 4146 Cum
1592 4097 1774 4146 autem
1801 4093 1943 4161 apud
1969 4094 2217 4148 Tacitum
2243 4095 2301 4146 in
2325 4092 2504 4147 annal.
2531 4092 2629 4158 ΙΙΙ,
2657 4098 2725 4147 72

372 4180 642 4233 tradatur:
680 4182 779 4232 »At
797 4179 1019 4248 Pompei
1041 4181 1314 4235 theatrum
1333 4183 1460 4252 igne
1478 4182 1699 4236 fortuito
1726 4183 2071 4248 exhaustum,
2100 4183 2293 4237 Caesar
2317 4184 2726 4235 exstructurum

372 4267 647 4334 pollicitus
685 4271 786 4334 est,
826 4270 966 4337 quod
1006 4287 1162 4323 nemo
1200 4287 1230 4322 e
1267 4272 1478 4325 familia
1514 4272 1872 4325 restaurando
1909 4271 2210 4338 sufficeret,
2250 4274 2503 4324 manente
2542 4272 2727 4324 tamen
