3123 4869
1363 249 1802 311 „⁶20-

409 418 637 480 detulit
667 418 724 500 l).
819 420 1157 484 Praeterea
1205 428 1534 505 concessit,
1593 436 1663 489 ut
1711 427 1780 503 Q.
1829 429 2157 493 Maximus
2223 438 2444 516 paucis
2512 437 2755 518 diebus,

406 531 745 606 postquam
794 528 928 608 ipse
966 529 1490 613 triumphaverat,
1538 535 1935 617 triumphum
1983 547 2200 621 ageret
2248 562 2299 603 a.
2342 542 2397 606 d.
2437 542 2551 605 III.
2599 543 2754 606 Idus

408 629 658 694 Octobr.
688 634 752 711 2').
844 633 1013 696 Eum
1061 645 1275 699 autem
1323 639 1534 701 subito
1586 641 1687 704 die
1736 648 2020 705 extremo
2070 649 2441 711 consulatus
2490 652 2589 713 sui
2649 651 2754 715 de-

403 739 698 801 functum
747 760 884 803 esse
933 750 1179 805 constat
1200 745 1288 819 3)..

583 845 723 921 Quo
792 849 937 910 viro
983 846 1186 912 ¹tantis
1251 853 1602 916 virtutibus
1675 856 1959 937 praedito
2036 877 2165 921 non
2250 844 2383 924 erat
2446 863 2753 946 indignus

400 953 575 1015 filius
622 954 864 1017 Paulus
919 955 1148 1020 Fabius
1200 958 1545 1038 Maximus,
1596 963 1706 1042 qui
1754 983 1903 1025 cum
1951 963 2181 1028 Ovidio
2231 968 2546 1031 artissimo
2597 991 2752 1053 quo-

402 1061 546 1122 dam
595 1061 910 1124 amicitiae
960 1065 1218 1126 vinculo
1260 1067 1642 1129 coniunctus
1684 1075 1817 1131 erat
1868 1078 1930 1132 et
1977 1071 2057 1133 ad
2108 1093 2299 1154 quem
2338 1083 2465 1138 tres
2513 1078 2752 1159 epistu-

400 1168 492 1230 las
541 1189 623 1230 ex
661 1169 864 1232 Ponto
914 1169 962 1248 I,
1002 1173 1058 1232 2.
1108 1170 1224 1248 III,
1265 1174 1320 1234 3.
1370 1171 1487 1252 III,
1528 1176 1566 1236 8
1607 1177 1875 1257 scriptas
1915 1196 2053 1240 esse
2092 1180 2220 1240 iam
2258 1199 2452 1263 supra
2491 1183 2750 1246 demon-

398 1277 757 1338 stravimus.
852 1277 950 1338 Ac
995 1279 1276 1359 primum
1327 1280 1587 1361 quidem
1632 1283 1855 1363 paucis
1903 1283 2090 1347 nobis
2138 1291 2233 1348 est
2289 1287 2749 1371 disserendum,

399 1400 680 1461 quonam
752 1389 1034 1465 tempore
1112 1385 1221 1448 ille
1293 1388 1374 1448 sit
1448 1394 1655 1450 natus.
1764 1387 2051 1453 Kochius
2109 1393 2281 1455 enim
2336 1395 2372 1455 l.
2421 1396 2459 1457 l.
2515 1417 2656 1480 pag.
2708 1402 2748 1460 4

396 1506 480 1549 ex
528 1487 779 1573 Horatii
828 1490 955 1551 illis
1002 1491 1236 1558 verbis.
1286 1514 1448 1575 quae
1498 1497 1566 1556 in
1616 1494 1988 1559 Carminum
2037 1497 2149 1578 IV,
2203 1503 2232 1561 1
2286 1500 2592 1583 legimus:

768 1596 771 1597 ⁷
930 1596 1430 1681 »Tempestivius
1478 1602 1547 1663 in
1597 1602 1854 1664 domum

930 1704 1172 1785 Paulli,
1218 1709 1558 1789 purpureis
1608 1709 1738 1771 ales
1786 1710 2087 1788 oloribUS,

932 1810 1367 1876 Comissabere
1414 1812 1704 1894 Maximi,

929 1917 995 1980 Si
1044 1924 1284 1981 torrere
1331 1921 1510 1983 iecur
1557 1922 1812 2003 quaeris
1859 1922 2179 1986 idoneum.

927 2058 1222 2144 Namque
1271 2068 1332 2124 et
1378 2063 1613 2126 nobilis
1662 2071 1724 2129 et
1772 2065 2003 2128 decens

928 2167 1008 2230 Et
1053 2189 1167 2257 prp
1216 2168 1505 2231 sollicitis
1553 2190 1684 2233 11011
1731 2173 1963 2233 tacitus
2011 2175 2137 2235 reis

928 2273 1009 2336 Et
1056 2260 1314 2338 ce'ntum
1358 2296 1520 2359 puer
1568 2279 1801 2340 artium

926 2380 1079 2445 Late
1127 2384 1310 2465 signa
1354 2384 1515 2446 feret
1560 2385 1827 2447 militiae
1874 2391 2065 2448 tuae«
2112 2393 2226 2450 etc.

386 2488 776 2551 concludere
814 2508 943 2551 non
992 2488 1241 2551 dubita-t
1279 2510 1427 2552 eum
1474 2510 1565 2552 ca.
1615 2511 1856 2553 annum
1906 2512 1956 2554 a.
1999 2492 2138 2554 Chr.
2190 2496 2273 2556 35
2321 2503 2545 2559 natum
2583 2518 2735 2561 esse.

385 2592 556 2655 Nam
602 2593 943 2658 Horatium
1002 2597 1123 2658 hoc
1183 2616 1437 2659 carmen
1505 2617 1594 2659 ca.
1645 2617 1887 2659 annum
1950 2602 2027 2660 15
2078 2600 2257 2682 (739)
2307 2606 2736 2685 composuisse

391 2719 473 2762 ex
519 2700 735 2763 verbis
781 2703 993 2765 »circa
1038 2703 1241 2766 lustra
1290 2703 1548 2766 decem«
1596 2706 1748 2766 satis
1797 2724 2098 2786 apparere
2117 2706 2181 2787 J1).
2291 2706 2477 2782 Quod
2524 2716 2735 2774 autem

535 2861 573 2926 ¹)
631 2861 739 2912 Cur
788 2860 1175 2928 Nipperdey
1232 2861 1297 2914 ad
1348 2860 1513 2915 Tacit.
1573 2864 1709 2914 Anu.
1767 2861 1824 2926 Ι,
1885 2867 1916 2915 ἴ)
1959 2865 2242 2929 putaverit
2292 2866 2570 2920 consulem
2608 2868 2733 2921 anni

387 2964 433 3001 a.
475 2949 596 3002 Chr.
638 2952 707 3000 45
744 2965 849 3001 non
875 2966 992 3002 esse
1019 2951 1249 3002 eundem
1291 2950 1484 3016 virum,
1524 2951 1590 3005 de
1628 2966 1733 3019 quo
1768 2950 1950 3004 Cicero
1987 2952 2046 3004 in
2084 2953 2325 3006 oratione
2362 2954 2419 3006 111
2448 2955 2731 3009 Vatinium

386 3037 577 3090 habita
615 3037 778 3104 dicat.
818 3054 922 3091 non
948 3038 1336 3107 intellegimus.
1401 3038 1461 3091 Id
1487 3040 1632 3092 enim
1658 3040 1889 3107 probant
1924 3039 2088 3094 Mom
2101 3058 2379 3095 nisenus
2418 3044 2475 3095 in
2515 3048 2569 3097 G.
2597 3046 2645 3097 J.
2674 3045 2728 3096 L.

384 3126 419 3177 l.
461 3144 524 3192 c.,
562 3125 920 3180 Haakhius
959 3129 1015 3179 in
1043 3127 1233 3196 Pauly.
1274 3128 1546 3197 encyclop.
1587 3129 1691 3183 vol.
1719 3129 1813 3195 VI,
1842 3132 1969 3182 sect.
2014 3135 2062 3196 ⁶2,
2100 3128 2420 3185 Halmius
2459 3133 2517 3184 in
2553 3134 2728 3186 adnot.

385 3216 453 3267 ad
491 3218 633 3269 orat.‘
663 3216 722 3268 in
760 3216 944 3269 Vatiu.
987 3234 1096 3285 cap.
1136 3216 1245 3283 XI,
1298 3221 1398 3283 28,
1452 3216 1654 3285 aliique
1706 3218 1811 3269 viri
1851 3219 2170 3272 doctissimi.
2212 3249 2277 3257 —
2329 3220 2408 3272 De
2447 3222 2730 3275 consulatu

385 3303 446 3368 Q.
486 3304 638 3357 Fabii
667 3304 895 3358 Maximi
934 3307 998 3359 cf.
1040 3305 1212 3359 Suet.
1252 3310 1400 3359 Caes.
1430 3310 1528 3359 8οε
1570 3306 1657 3371 >›Q.
1696 3305 1939 3359 Maximo
1978 3309 2203 3361 suffecto
2244 3307 2569 3363 trisemestri
2606 3326 2727 3364 con·

382 3392 501 3444 sule
557 3393 830 3446 theatrum
880 3396 1215 3447 introeunte«
1250 3398 1351 3447 etc.
1427 3394 1556 3446 Dio
1607 3394 1806 3460 XLIII,
1854 3400 1938 3449 46.
2015 3396 2264 3448 Cicero
2299 3396 2365 3449 ad
2404 3398 2570 3452 famil.
2610 3397 2727 3462 VII,

382 3484 469 3549 30,
513 3486 555 3533 1.
596 3481 768 3534 Ρ1111.
809 3482 874 3535 H.
915 3484 982 3536 N.
1024 3483 1144 3548 VII,
1186 3489 1266 3536 153.

525 3570 568 3634 ²)
604 3569 792 3623 Fasti
834 3572 1295 3639 triumphales
1343 3572 1398 3622 in
1437 3574 1490 3624 C.
1529 3572 1577 3623 J.
1617 3571 1675 3623 L.
1728 3571 1756 3624 Ι
1803 3588 1922 3641 pag.
1975 3577 2109 3625 461:
2168 3574 2258 3637 >Q
2311 3573 2511 3627 Fabius
2566 3575 2624 3640 Q.
2671 3572 2725 3625 F.

381 3664 443 3723 Q.
471 3659 538 3712 N.
560 3658 838 3713 Maximus
877 3678 982 3714 cos,
1024 3677 1089 3712 cx
1128 3659 1391 3729 Hispania
1429 3657 1512 3713 an.
1553 3659 1785 3713 DCUIX.
1867 3661 1958 3713 ΠΙ.
2017 3662 2147 3713 Idus
2189 3660 2402 3715 Octob.«
2451 3665 2515 3715 cf.
2557 3662 2723 3728 Quin-

381 3748 458 3800 til.
499 3749 595 3816 VI,
634 3754 684 3814 3,
724 3754 807 3803 61.
1675 3801 1680 3810 .

521 3837 564 3905 ³)
602 3836 807 3891 Fasti
845 3838 1250 3907 Capitolini
1289 3839 1362 3905 (C.
1389 3838 1436 3890 J.
1464 3838 1523 3891 1..
1551 3839 1578 3891 I
1604 3856 1721 3907 pag.
1752 3840 1875 3907 440)
1903 3841 1970 3893 ad
1998 3856 2044 3891 a.
2074 3841 2193 3891 709.
2247 3839 2374 3892 Cic.
2404 3840 2484 3891 ad
2519 3836 2720 3892 famil.

378 3925 412 3978 l.
452 3926 499 3978 l:
556 3926 645 3978 »In
696 3943 884 3995 campo
931 3931 1076 3980 certe
1122 3944 1228 3981 non
1264 3927 1445 3994 fuisti,
1500 3944 1624 3980 cum
1662 3928 1794 3981 hora
1831 3927 2072 3981 secunda
2121 3927 2360 3980 comitiis
2400 3925 2722 3995 quaestoriis

377 4015 648 4069 institutis
687 4015 822 4069 sella
860 4015 920 4081 Q.
956 4011 1208 4082 Maximi,
1263 4033 1423 4085 quem
1463 4016 1543 4069 illi
1583 4016 1860 4070 consulem
1912 4032 2031 4069 esse
2069 4014 2348 4082 dicebant,
2401 4017 2577 4084 posita
2622 4016 2720 4077 est,

375 4121 481 4172 quo
519 4106 727 4157 mortus
764 4091 1016 4159 nuntiato
1054 4104 1189 4158 sella
1227 4105 1412 4158 ablata
1449 4108 1577 4158 est«
1636 4105 1849 4158 Plinius
1887 4105 1953 4157 N.
1994 4104 2062 4157 H.
2103 4103 2225 4170 VII,
2267 4109 2361 4157 54:
2400 4104 2486 4169 »Q.
2523 4102 2719 4156 Fabius

375 4193 648 4246 Maximus
683 4194 741 4245 in
777 4194 1063 4247 consulatu
1087 4210 1185 4248 suo
1210 4194 1383 4262 pridie
1404 4194 1619 4247 Calend.
1638 4194 1670 4247 J
1675 4194 1929 4247 annarias
1954 4193 2134 4247 obiit.<‹
2195 4192 2323 4245 Dio
2348 4192 2545 4258 XLIH,
2568 4195 2650 4255 46,
2671 4192 2715 4240 ⁸2.

519 4282 561 4348 ⁴)
601 4283 665 4335 cf.
706 4282 910 4335 (larol.
950 4282 1113 4336 Fran
1130 4284 1195 4335 ki
1233 4286 1352 4337 fast.
1391 4284 1576 4337 Horat.
1617 4298 1734 4350 pag.
1776 4286 1895 4350 207,
1935 4283 2003 4336 ad
2041 4296 2241 4335 annum
2282 4286 2401 4335 739.
