3123 4869
1418 1203 1641 1284 vita.

532 1455 737 1518 Natus
786 1475 929 1517 sum
977 1453 1336 1516 Balduinus
1385 1452 1656 1515 Lorentz
1706 1468 1756 1514 a.
1809 1453 1864 1513 d.
1913 1452 2005 1514 IV
2056 1452 2310 1514 Calend.
2357 1451 2699 1514 Novembr.

357 1565 508 1625 anni
559 1563 615 1624 h.
665 1584 711 1624 s.
758 1559 906 1622 LVI
954 1560 1340 1643 Isenbergae
1387 1562 1450 1622 in
1504 1559 1663 1622 urbe
1711 1558 2469 1642 Saxo-Altenburgensi,
2523 1566 2700 1642 patre

356 1669 626 1732 Ernesto
667 1668 910 1748 CaroIo,
948 1674 1149 1730 matre
1187 1667 1444 1730 Rosalia
1493 1688 1525 1730 e
1564 1673 1753 1749 gente
1792 1667 2097 1746 Schmidt,
2137 1665 2373 1748 quibus
2411 1667 2701 1756 utrisque

353 1777 600 1858 gaudeo
648 1777 832 1838 vivis.
927 1775 1108 1838 Fidei
1158 1775 1451 1838 addictus
1499 1795 1642 1837 sum
1693 1776 2117 1858 evangelicae.
2229 1773 2389 1836 Cum
2445 1780 2700 1836 sextum

355 1903 607 1966 agerem
657 1902 899 1944 annum
946 1888 1155 1965 pater,
1214 1882 1391 1944 verbi
1452 1883 1656 1944 divini
1703 1883 2048 1965 interpreS,
2109 1883 2252 1944 vico
2300 1880 2702 1943 Kriebitzsch

351 2009 547 2073 prope
608 1988 1087 2071 Altenburgum
1154 1990 1273 2050 sito
1346 1990 1745 2071 praepositus
1817 1994 1927 2052 est.
2042 1989 2279 2052 Primis
2343 1989 2700 2050 litterarum

268 2118 269 2121 ¹
358 2097 691 2159 elementis
756 2097 1113 2158 instructus
1179 2115 1347 2157 anno
1406 2097 1464 2157 h.
1515 2116 1560 2158 s.
1609 2094 1832 2157 LXIX
1889 2098 1952 2157 in
2005 2097 2412 2179 gymnasium
2478 2095 2702 2157 Alten·

353 2203 674 2285 burgense
722 2208 1013 2284 receptus
1064 2222 1236 2280 sum,
1301 2204 1470 2285 quod
1538 2223 1651 2285 per
1698 2209 1836 2265 octo
1899 2223 2099 2265 annos
2156 2204 2559 2284 frequentavi
2609 2203 2701 2264 di-

355 2308 709 2372 rectoribus
776 2328 932 2370 usus
1012 2311 1293 2391 primum
1367 2309 1652 2372 Henrico
1736 2310 2037 2372 Eduardo
2123 2309 2339 2372 Fossio
2408 2308 2495 2389 (ἢ)
2562 2314 2700 2371 tum

353 2415 626 2479 Ernesto
665 2414 930 2478 Alberto
977 2415 1298 2497 Richtero,
1349 2416 1585 2499 quibus
1634 2437 1834 2500 aeque
1883 2438 1956 2481 ac
2004 2418 2231 2481 ceteris
2279 2418 2472 2480 huius
2518 2437 2701 2499 gym-

353 2525 519 2585 nasii
568 2522 1087 2606 praeceptoribus
1135 2545 1236 2587 me
1306 2525 1682 2607 plurimunr
1723 2525 1951 2588 debere
2031 2525 2304 2587 libenter
2384 2524 2698 2607 profiteor.

350 2629 741 2693 Maturitatis
779 2631 1219 2694 testimonium
1260 2632 1528 2715 adeptus
1566 2652 1717 2695 vere
1756 2635 1907 2695 anni
1949 2633 2005 2694 h.
2041 2652 2087 2695 s.
2116 2631 2436 2693 LXXVII
2469 2631 2510 2693 J
2515 2651 2698 2694 enam

350 2737 670 2819 profectus
731 2756 902 2818 sum,
966 2746 1037 2802 ut
1096 2741 1165 2800 in
1228 2739 1441 2801 studia
1496 2741 1880 2823 philologica
1939 2739 2415 2808 incumberem‚
2480 2738 2700 2820 ibique

350 2862 466 2925 per
512 2845 634 2907 tria
681 2849 1010 2909 semestria
1061 2846 1362 2908 docentes
1411 2837 1634 2908 audivi
1680 2847 2067 2929 professores
2116 2847 2517 2908 doctissimos
2554 2843 2701 2907 Del-

351 2950 576 3029 briick,
614 2950 898 3031 Eucken‚
936 2951 1176 3031 Rohde,
1216 2954 1290 3013 A.
1333 2952 1641 3032 Schmidt,
1679 2952 1761 3014 M.
1802 2952 2107 3031 Schmidt,
2145 2952 2413 3016 Sievers.
2480 2952 2701 3015 Mense

354 3055 607 3119 Octobr.
673 3060 826 3120 anni
884 3059 942 3119 h.
1001 3078 1050 3120 s.
1113 3057 1468 3119 LXXVIII
1534 3057 1816 3141 Lipsiam
1872 3080 1975 3121 me
2038 3060 2281 3121 contuli
2341 3066 2414 3122 ut
2469 3059 2701 3122 scholis

351 3164 726 3227 interessem
772 3166 1057 3228 virorum
1106 3165 1689 3228 illustrissimorum
1731 3163 2007 3245 Braune‚
2056 3165 2332 3245 Curtius,
2380 3166 2701 3244 Eckstein,

354 3268 540 3351 Gotz,
605 3271 880 3352 Heinze,
944 3271 1376 3350 Hildebrand,
1441 3271 1691 3355 Lange,
1757 3270 2043 3354 LipsiuS‚
2108 3271 2426 3353 Ribbeck,
2488 3272 2701 3355 Voigt,

354 3374 654 3465 Zarncke.
751 3376 891 3453 Qua
937 3380 1004 3441 in
1051 3380 1469 3442 universitate
1514 3399 1723 3441 unum
1779 3398 1892 3462 per
1948 3385 2250 3442 semestre
2311 3381 2700 3463 prosemina-

351 3483 523 3545 rium
583 3485 1073 3568 philologicum,
1138 3486 1309 3569 quod
1370 3486 1429 3548 J.
1476 3485 1734 3569 Lipsius
1782 3487 1976 3568 regit,
2031 3486 2434 3568 frequentavi
2498 3493 2560 3549 et
2621 3485 2698 3549 ab

356 3596 704 3654 auctumno
753 3594 905 3653 anni
954 3593 1012 3655 h.
1053 3613 1099 3656 s.
1147 3592 1456 3673 LXXIX,
1505 3613 1653 3656 cum
1703 3612 1909 3655 unum
1958 3598 2258 3656 semestre
2307 3593 2541 3656 sodalis
2590 3614 2700 3655 ex-

351 3696 814 3760 traordinarius
877 3700 1446 3763 exercitationibus
1507 3701 1973 3779 interfuissem,
2038 3720 2240 3761 unum
2296 3720 2410 3782 per
2456 3720 2699 3762 annum

355 3802 592 3866 sodalis
641 3805 1005 3869 ordinarius
1044 3808 1371 3869 seminarii
1418 3808 1580 3890 regii
1619 3807 1989 3889 philologici
2038 3828 2074 3869 a
2120 3808 2277 3870 viris
2317 3807 2699 3869 humanissi-

354 3909 475 3969 mis
526 3908 597 3971 G.
649 3909 902 3992 Curtio,
962 3912 1029 3974 L.
1078 3913 1355 3997 Langio,
1405 3913 1474 3976 Ο.
1523 3913 1878 3976 Ribbeckio
1927 3915 2259 3996 temperati
2305 3915 2416 3976 fui.
2509 3913 2700 3976 Prae-

353 4021 527 4078 terea
573 4037 610 4078 a
653 4016 721 4078 L.
768 4017 1011 4101 Langio
1062 4021 1127 4081 in
1177 4022 1577 4101 societatem,
1623 4023 1691 4083 in
1744 4042 1871 4103 qua
1918 4022 2330 4103 antiquitates
2376 4020 2700 4084 Romanae

354 4129 734 4204 tractantur,
796 4129 857 4186 et
905 4124 983 4187 ab
1034 4124 1103 4188 O.
1152 4126 1505 4190 Ribbeckio
1554 4130 1624 4190 in
1683 4130 2047 4191 societatem
2095 4128 2547 4210 philologicam
2604 4148 2700 4190 re-

356 4237 578 4312 ceptus
638 4251 812 4311 sum,
880 4252 1156 4314 quarum
1223 4235 1289 4296 in
1352 4235 1465 4297 illa
1518 4237 1671 4316 tria,
1736 4238 1830 4316 in·
1860 4237 1978 4298 hac
2043 4239 2317 4317 quatuor
2372 4236 2702 4298 semestria

356 4357 564 4419 usque
632 4338 713 4401 ad
780 4338 899 4401 hoc
947 4345 1198 4423 tempus
1245 4360 1480 4424 magno
1529 4362 1676 4406 cum
1724 4342 1939 4409 fructu
1986 4349 2047 4406 et
2093 4341 2327 4430 gaudio
2367 4360 2504 4405 esse
2541 4337 2702 4412 mihi
